2139 2906
717 263 721 266 .
791 229 878 271 DE
909 228 1135 271 RERUM
1168 228 1437 271 NATURA.

339 357 479 410 Quod
505 357 704 423 fregisset
728 358 890 416 adhuc,
929 355 1180 405 disturbans
1206 356 1561 422 dissoluensque,

338 455 612 518 Numquam
637 452 682 500 id
708 452 883 517 reliquo
907 450 1096 517 reparari
1122 465 1327 517 ternpore
1352 464 1501 518 posset
1522 471 1534 499 ε

337 551 404 595 At
428 567 549 596 nunc
574 548 789 596 nimirum
815 548 1055 614 frangundi
1082 548 1254 595 reddita
1285 548 1387 595 finis

339 647 475 691 Certa
501 657 668 702 manet,
708 643 925 709 quoniam
950 644 1074 691 refici
1100 662 1195 691 rem
1219 661 1450 709 quamque
1473 643 1696 702 videmus,

336 739 399 786 Et
423 738 550 785 finita
575 737 708 785 simul
733 737 983 803 generatim
1008 751 1213 803 tempora
1238 738 1368 785 rebus

336 834 475 890 Stare,
514 832 676 897 quibus
701 832 872 898 possint
898 831 982 880 aevi
1008 831 1271 897 contingere
1296 832 1475 880 florem.

403 928 510 974 Huc
536 926 727 985 adcedit‚
766 926 860 974 utei
886 926 1150 974 solidissima
1174 926 1377 974 materiai·

334 1025 539 1087 Corpora
562 1040 705 1087 quom
730 1035 949 1081 constant,
988 1021 1161 1087 possint
1185 1035 1337 1068 tamen
1362 1020 1516 1068 omnia
1540 1020 1669 1069 reddi

331 1116 507 1175 Mollia,
546 1136 647 1182 quae
673 1117 791 1165 fiunt
818 1136 829 1164 :
868 1120 954 1175 aer,
994 1135 1124 1182 aqua,
1163 1130 1290 1175 terra,
1329 1135 1532 1183 vaporeS,

330 1212 438 1264 Quo
463 1224 597 1276 pacto
623 1211 748 1269 fiant,
774 1225 820 1257 et
844 1210 937 1275 qua
961 1209 1008 1257 vi
1033 1229 1268 1276 quomque
1294 1223 1505 1275 gerantur
1527 1228 1539 1257 :

329 1303 605 1352 Admixtum
629 1303 845 1369 quoniam
870 1302 1010 1351 semel
1035 1318 1100 1350 est
1125 1303 1172 1351 in
1198 1304 1328 1351 rebus
1354 1304 1503 1352 inane.

329 1401 398 1445 At
422 1411 589 1456 contra,
629 1397 663 1445 si
688 1398 843 1445 mollia
867 1397 955 1445 sint
978 1397 1224 1463 primordia
1247 1415 1413 1455 rerum,

329 1493 466 1541 Unde
491 1505 659 1558 queant
682 1490 848 1538 validei
873 1490 1016 1539 silices
1042 1491 1303 1556 ferrumque
1328 1490 1481 1548 creari,

327 1589 441 1634 Non
468 1585 633 1654 poterit
657 1585 767 1633 ratio
792 1585 947 1632 reddi:
985 1604 1092 1632 nam
1117 1584 1322 1632 funditus
1347 1584 1498 1632 omnis

328 1681 554 1746 Principio
579 1679 863 1727 fundamenti
888 1691 1045 1726 natura
1069 1679 1248 1727 carebit.

330 1778 442 1822 Sunt
468 1774 604 1840 igitur
629 1773 772 1821 solida
797 1772 1016 1839 pollentia
1040 1772 1326 1839 simplicitate
1348 1794 1360 1830 ;

328 1870 540 1922 Quorum
565 1868 794 1916 condenso
819 1867 960 1933 magis
986 1867 1139 1915 omnia
1164 1867 1406 1915 conciliatu

326 1962 476 2010 Artari
502 1975 704 2028 possunt,
743 1961 1005 2026 validasque
1031 1961 1276 2008 obtendere
1303 1960 1451 2008 vireis·

397 2056 624 2121 Denique,
656 2056 769 2120 jam,
808 2055 1026 2120 quoniam
1050 2054 1299 2119 generatim
1325 2053 1498 2101 reddita
1528 2053 1631 2100 finis

326 2151 587 2218 Crescendis
613 2151 743 2198 rebus
769 2162 956 2206 constat,
996 2148 1229 2213 vitamque
1255 2148 1439 2196 tenendi
1461 2169 1472 2205 3

324 2247 384 2292 Et
409 2244 520 2310 quid
545 2262 737 2309 quaeque
762 2256 944 2309 queant,
983 2261 1063 2308 per
1088 2242 1260 2290 foedera
1285 2244 1477 2300 natura'l',

326 2337 453 2391 Quid
476 2356 609 2404 porro
634 2350 875 2403 nequeant,
915 2336 1137 2384 sancitum
1161 2334 1535 2402 quandoquidem
1563 2346 1735 2391 exstat3

325 2435 430 2480 Nec
454 2446 760 2481 commutatur
784 2431 1036 2498 quidquam
1056 2450 1068 2487 ;
1105 2428 1218 2495 quin
1243 2428 1396 2476 omnia
1420 2441 1625 2476 constant

325 2528 481 2591 Usque
507 2527 633 2585 adeo,
672 2525 805 2574 variae
830 2525 1037 2573 volucres
1061 2536 1128 2582 ut,
1167 2522 1214 2570 in
1238 2522 1394 2569 ordine
1419 2534 1610 2580 cunctae,

324 2619 587 2668 Obtendant
611 2620 807 2669 maculas
831 2617 1076 2686 generaleis
1101 2634 1288 2683 corpore
1314 2615 1484 2672 inesse3

1805 232 1912 275 Lm.
1935 233 1970 274 I.

1866 837 1963 896 565

1867 1320 1893 1365 5
1904 1320 1967 1368 70

1862 1790 1959 1839 575

1861 2245 1961 2303 580
