<?xml version="1.0" encoding="UTF-8"?>
<!DOCTYPE html PUBLIC "-//W3C//DTD XHTML 1.0 Transitional//EN"
    "http://www.w3.org/TR/xhtml1/DTD/xhtml1-transitional.dtd">
<html xmlns="http://www.w3.org/1999/xhtml" xml:lang="en" lang="en">
 <head>
  <title>
</title>
<meta http-equiv="Content-Type" content="text/html;charset=utf-8" />
  <meta name='ocr-system' content='tesseract 3.04.00' />
  <meta name='ocr-capabilities' content='ocr_page ocr_carea ocr_par ocr_line ocrx_word'/>
</head>
<body>
  <div class='ocr_page' id='page_1' title='image "./natureofthingsdi01lucr_0348.png"; bbox 0 0 2139 2906; ppageno 0'>
   <div class='ocr_carea' id='block_1_1' title="bbox 303 212 1997 259">
    <p class='ocr_par' dir='ltr' id='par_1_1' title="bbox 303 212 1997 259">
     <span class='ocr_line' id='line_1_1' title="bbox 303 212 1997 259; baseline 0.005 -10"><span class='ocrx_word' id='word_1_1' title='bbox 303 213 385 250; x_wconf 73' lang='lat'>5200</span> <span class='ocrx_word' id='word_1_2' title='bbox 833 212 918 255; x_wconf 89' lang='lat' dir='ltr'>DE</span> <span class='ocrx_word' id='word_1_3' title='bbox 949 213 1173 255; x_wconf 85' lang='lat' dir='ltr'><strong>RERUM</strong></span> <span class='ocrx_word' id='word_1_4' title='bbox 1205 214 1472 257; x_wconf 84' lang='lat' dir='ltr'>NATURA.</span> <span class='ocrx_word' id='word_1_5' title='bbox 1811 216 1916 259; x_wconf 71' lang='lat' dir='ltr'>Lm.</span> <span class='ocrx_word' id='word_1_6' title='bbox 1938 216 1997 258; x_wconf 83' lang='grc' dir='ltr'>ΙΙ.</span> 
     </span>
    </p>
   </div>
   <div class='ocr_carea' id='block_1_2' title="bbox 375 337 2005 2275">
    <p class='ocr_par' dir='ltr' id='par_1_2' title="bbox 375 337 2005 2275">
     <span class='ocr_line' id='line_1_2' title="bbox 375 337 1594 408; baseline 0.006 -26"><span class='ocrx_word' id='word_1_7' title='bbox 375 337 732 402; x_wconf 75' lang='lat' dir='ltr'>Immensumque</span> <span class='ocrx_word' id='word_1_8' title='bbox 757 351 907 404; x_wconf 90' lang='lat' dir='ltr'>patere</span> <span class='ocrx_word' id='word_1_9' title='bbox 931 340 978 388; x_wconf 90' lang='lat' dir='ltr'>in</span> <span class='ocrx_word' id='word_1_10' title='bbox 1002 355 1184 389; x_wconf 87' lang='lat' dir='ltr'>cunctas</span> <span class='ocrx_word' id='word_1_11' title='bbox 1208 342 1410 407; x_wconf 87' lang='lat' dir='ltr'>undique</span> <span class='ocrx_word' id='word_1_12' title='bbox 1434 341 1594 408; x_wconf 84' lang='lat' dir='ltr'>parteis</span> 
     </span>
     <span class='ocr_line' id='line_1_3' title="bbox 377 429 1630 503; baseline 0.006 -27"><span class='ocrx_word' id='word_1_13' title='bbox 377 429 583 478; x_wconf 86' lang='lat' dir='ltr'>Pluribus</span> <span class='ocrx_word' id='word_1_14' title='bbox 609 432 842 490; x_wconf 89' lang='lat' dir='ltr'>obtendit;</span> <span class='ocrx_word' id='word_1_15' title='bbox 879 435 1000 485; x_wconf 58' lang='lat' dir='ltr'>certa</span> <span class='ocrx_word' id='word_1_16' title='bbox 1022 450 1067 484; x_wconf 86' lang='lat' dir='ltr'>et</span> <span class='ocrx_word' id='word_1_17' title='bbox 1092 437 1261 485; x_wconf 87' lang='lat' dir='ltr'>ratione</span> <span class='ocrx_word' id='word_1_18' title='bbox 1285 437 1525 503; x_wconf 87' lang='lat' dir='ltr'>probatum</span> <span class='ocrx_word' id='word_1_19' title='bbox 1550 449 1630 484; x_wconf 91' lang='lat' dir='ltr'>est.</span> 
     </span>
     <span class='ocr_line' id='line_1_4' title="bbox 446 525 1683 596; baseline 0.006 -26"><span class='ocrx_word' id='word_1_20' title='bbox 446 525 586 577; x_wconf 85' lang='lat' dir='ltr'>Quod</span> <span class='ocrx_word' id='word_1_21' title='bbox 610 525 828 590; x_wconf 85' lang='lat' dir='ltr'>quoniam</span> <span class='ocrx_word' id='word_1_22' title='bbox 854 541 1040 586; x_wconf 87' lang='lat' dir='ltr'>constat,</span> <span class='ocrx_word' id='word_1_23' title='bbox 1079 529 1295 578; x_wconf 86' lang='lat' dir='ltr'>nimirum</span> <span class='ocrx_word' id='word_1_24' title='bbox 1319 530 1444 578; x_wconf 86' lang='lat' dir='ltr'>nulla</span> <span class='ocrx_word' id='word_1_25' title='bbox 1466 530 1592 596; x_wconf 86' lang='lat' dir='ltr'>quies</span> <span class='ocrx_word' id='word_1_26' title='bbox 1617 543 1683 578; x_wconf 83' lang='lat' dir='ltr'>est</span> 
     </span>
     <span class='ocr_line' id='line_1_5' title="bbox 377 617 1998 688; baseline 0.006 -25"><span class='ocrx_word' id='word_1_27' title='bbox 377 617 576 664; x_wconf 82' lang='lat' dir='ltr'>Reddita</span> <span class='ocrx_word' id='word_1_28' title='bbox 599 619 859 684; x_wconf 88' lang='lat' dir='ltr'>corporibus</span> <span class='ocrx_word' id='word_1_29' title='bbox 883 621 1037 686; x_wconf 88' lang='lat' dir='ltr'>primis</span> <span class='ocrx_word' id='word_1_30' title='bbox 1062 640 1142 686; x_wconf 89' lang='lat' dir='ltr'>per</span> <span class='ocrx_word' id='word_1_31' title='bbox 1166 622 1296 670; x_wconf 87' lang='lat' dir='ltr'>inane</span> <span class='ocrx_word' id='word_1_32' title='bbox 1321 623 1629 688; x_wconf 88' lang='lat' dir='ltr'>profundum;</span> <span class='ocrx_word' id='word_1_33' title='bbox 1939 640 1998 686; x_wconf 83' lang='lat'>95</span> 
     </span>
     <span class='ocr_line' id='line_1_6' title="bbox 377 710 1490 780; baseline 0.006 -23"><span class='ocrx_word' id='word_1_34' title='bbox 377 710 464 757; x_wconf 87' lang='lat' dir='ltr'>Sed</span> <span class='ocrx_word' id='word_1_35' title='bbox 488 711 643 776; x_wconf 85' lang='lat' dir='ltr'>magis,</span> <span class='ocrx_word' id='word_1_36' title='bbox 682 712 868 760; x_wconf 86' lang='lat' dir='ltr'>adsiduo</span> <span class='ocrx_word' id='word_1_37' title='bbox 893 714 1108 780; x_wconf 87' lang='lat' dir='ltr'>varioque</span> <span class='ocrx_word' id='word_1_38' title='bbox 1132 716 1322 763; x_wconf 84' lang='lat' dir='ltr'>exercita</span> <span class='ocrx_word' id='word_1_39' title='bbox 1346 730 1490 775; x_wconf 87' lang='lat' dir='ltr'>motu,</span> 
     </span>
     <span class='ocr_line' id='line_1_7' title="bbox 378 804 1496 872; baseline 0.004 -21"><span class='ocrx_word' id='word_1_40' title='bbox 378 804 544 853; x_wconf 86' lang='lat' dir='ltr'>Partim</span> <span class='ocrx_word' id='word_1_41' title='bbox 568 805 810 853; x_wconf 87' lang='lat' dir='ltr'>intervallis</span> <span class='ocrx_word' id='word_1_42' title='bbox 835 807 1009 872; x_wconf 85' lang='lat' dir='ltr'>magnis</span> <span class='ocrx_word' id='word_1_43' title='bbox 1034 808 1245 856; x_wconf 83' lang='lat' dir='ltr'>conflicta</span> <span class='ocrx_word' id='word_1_44' title='bbox 1268 809 1496 866; x_wconf 87' lang='lat' dir='ltr'>resultant,</span> 
     </span>
     <span class='ocr_line' id='line_1_8' title="bbox 378 897 1494 966; baseline 0.006 -23"><span class='ocrx_word' id='word_1_45' title='bbox 378 900 478 944; x_wconf 83' lang='lat' dir='ltr'>Pars</span> <span class='ocrx_word' id='word_1_46' title='bbox 504 897 639 945; x_wconf 82' lang='lat' dir='ltr'>etiam</span> <span class='ocrx_word' id='word_1_47' title='bbox 664 899 874 947; x_wconf 79' lang='lat' dir='ltr'>brevibus</span> <span class='ocrx_word' id='word_1_48' title='bbox 895 900 1044 966; x_wconf 84' lang='lat' dir='ltr'>spatiis</span> <span class='ocrx_word' id='word_1_49' title='bbox 1071 916 1289 949; x_wconf 83' lang='lat' dir='ltr'>nexantur</span> <span class='ocrx_word' id='word_1_50' title='bbox 1313 903 1367 950; x_wconf 85' lang='lat' dir='ltr'>ab</span> <span class='ocrx_word' id='word_1_51' title='bbox 1388 904 1494 950; x_wconf 89' lang='lat' dir='ltr'>ictu.</span> 
     </span>
     <span class='ocr_line' id='line_1_9' title="bbox 379 993 1552 1060; baseline 0.006 -23"><span class='ocrx_word' id='word_1_52' title='bbox 379 993 452 1048; x_wconf 86' lang='lat' dir='ltr'>Er,</span> <span class='ocrx_word' id='word_1_53' title='bbox 491 1010 841 1058; x_wconf 67' lang='lat' dir='ltr'>quaequomque,</span> <span class='ocrx_word' id='word_1_54' title='bbox 879 995 1020 1060; x_wconf 88' lang='lat' dir='ltr'>magis</span> <span class='ocrx_word' id='word_1_55' title='bbox 1046 997 1273 1044; x_wconf 89' lang='lat' dir='ltr'>condenso</span> <span class='ocrx_word' id='word_1_56' title='bbox 1298 996 1552 1054; x_wconf 85' lang='lat' dir='ltr'>conciliatu,</span> 
     </span>
     <span class='ocr_line' id='line_1_10' title="bbox 378 1085 2002 1150; baseline 0.006 -19"><span class='ocrx_word' id='word_1_57' title='bbox 378 1085 561 1150; x_wconf 78' lang='lat' dir='ltr'>Exiguis</span> <span class='ocrx_word' id='word_1_58' title='bbox 587 1086 843 1146; x_wconf 85' lang='lat' dir='ltr'>intervallis,</span> <span class='ocrx_word' id='word_1_59' title='bbox 883 1103 1101 1137; x_wconf 85' lang='lat' dir='ltr'>convecta</span> <span class='ocrx_word' id='word_1_60' title='bbox 1125 1091 1352 1149; x_wconf 82' lang='lat' dir='ltr'>resultant,</span> <span class='ocrx_word' id='word_1_61' title='bbox 1908 1109 2002 1140; x_wconf 88' lang='lat'>100</span> 
     </span>
     <span class='ocr_line' id='line_1_11' title="bbox 379 1179 1337 1249; baseline 0.007 -25"><span class='ocrx_word' id='word_1_62' title='bbox 379 1179 648 1244; x_wconf 85' lang='lat' dir='ltr'>Indupedita</span> <span class='ocrx_word' id='word_1_63' title='bbox 675 1180 762 1227; x_wconf 88' lang='lat' dir='ltr'>suis</span> <span class='ocrx_word' id='word_1_64' title='bbox 787 1182 1010 1247; x_wconf 84' lang='lat' dir='ltr'>perplexis</span> <span class='ocrx_word' id='word_1_65' title='bbox 1035 1183 1130 1248; x_wconf 86' lang='lat' dir='ltr'>ipsa</span> <span class='ocrx_word' id='word_1_66' title='bbox 1154 1184 1337 1249; x_wconf 83' lang='lat' dir='ltr'>figuris3</span> 
     </span>
     <span class='ocr_line' id='line_1_12' title="bbox 378 1274 1329 1335; baseline 0.006 -16"><span class='ocrx_word' id='word_1_67' title='bbox 378 1274 490 1319; x_wconf 82' lang='lat' dir='ltr'>Haee</span> <span class='ocrx_word' id='word_1_68' title='bbox 516 1274 682 1320; x_wconf 73' lang='lat' dir='ltr'>validas</span> <span class='ocrx_word' id='word_1_69' title='bbox 707 1275 795 1322; x_wconf 85' lang='lat' dir='ltr'>saxi</span> <span class='ocrx_word' id='word_1_70' title='bbox 823 1275 1004 1335; x_wconf 85' lang='lat' dir='ltr'>radices,</span> <span class='ocrx_word' id='word_1_71' title='bbox 1042 1290 1088 1324; x_wconf 85' lang='lat' dir='ltr'>et</span> <span class='ocrx_word' id='word_1_72' title='bbox 1112 1277 1204 1324; x_wconf 90' lang='lat' dir='ltr'>fera</span> <span class='ocrx_word' id='word_1_73' title='bbox 1227 1277 1329 1325; x_wconf 84' lang='lat' dir='ltr'>ferri</span> 
     </span>
     <span class='ocr_line' id='line_1_13' title="bbox 378 1368 1620 1436; baseline 0.005 -23"><span class='ocrx_word' id='word_1_74' title='bbox 378 1368 582 1432; x_wconf 79' lang='lat' dir='ltr'>Corpora</span> <span class='ocrx_word' id='word_1_75' title='bbox 608 1369 901 1427; x_wconf 83' lang='lat' dir='ltr'>constituunt,</span> <span class='ocrx_word' id='word_1_76' title='bbox 940 1383 985 1417; x_wconf 88' lang='lat' dir='ltr'>et</span> <span class='ocrx_word' id='word_1_77' title='bbox 1009 1383 1165 1417; x_wconf 85' lang='lat' dir='ltr'>caetera</span> <span class='ocrx_word' id='word_1_78' title='bbox 1189 1371 1245 1418; x_wconf 88' lang='lat' dir='ltr'>de</span> <span class='ocrx_word' id='word_1_79' title='bbox 1270 1389 1432 1436; x_wconf 88' lang='lat' dir='ltr'>genere</span> <span class='ocrx_word' id='word_1_80' title='bbox 1457 1372 1620 1419; x_wconf 89' lang='lat' dir='ltr'>horum</span> 
     </span>
     <span class='ocr_line' id='line_1_14' title="bbox 380 1462 1661 1531; baseline 0.004 -24"><span class='ocrx_word' id='word_1_81' title='bbox 380 1462 603 1509; x_wconf 86' lang='lat' dir='ltr'>Paucula:</span> <span class='ocrx_word' id='word_1_82' title='bbox 642 1482 743 1527; x_wconf 83' lang='lat' dir='ltr'>quae</span> <span class='ocrx_word' id='word_1_83' title='bbox 768 1482 900 1529; x_wconf 87' lang='lat' dir='ltr'>porro</span> <span class='ocrx_word' id='word_1_84' title='bbox 926 1482 1145 1530; x_wconf 89' lang='lat' dir='ltr'>magnum</span> <span class='ocrx_word' id='word_1_85' title='bbox 1170 1483 1250 1531; x_wconf 89' lang='lat' dir='ltr'>per</span> <span class='ocrx_word' id='word_1_86' title='bbox 1274 1465 1403 1512; x_wconf 87' lang='lat' dir='ltr'>inane</span> <span class='ocrx_word' id='word_1_87' title='bbox 1429 1478 1661 1529; x_wconf 75' lang='lat' dir='ltr'>vagantur,</span> 
     </span>
     <span class='ocr_line' id='line_1_15' title="bbox 381 1556 2000 1623; baseline 0.002 -20"><span class='ocrx_word' id='word_1_88' title='bbox 381 1559 556 1603; x_wconf 81' lang='lat' dir='ltr'>Caetera</span> <span class='ocrx_word' id='word_1_89' title='bbox 580 1556 800 1604; x_wconf 84' lang='lat' dir='ltr'>dissiliunt</span> <span class='ocrx_word' id='word_1_90' title='bbox 824 1558 974 1622; x_wconf 89' lang='lat' dir='ltr'>longe,</span> <span class='ocrx_word' id='word_1_91' title='bbox 1013 1559 1239 1623; x_wconf 84' lang='lat' dir='ltr'>longeque</span> <span class='ocrx_word' id='word_1_92' title='bbox 1265 1572 1501 1615; x_wconf 86' lang='lat' dir='ltr'>recursant,</span> <span class='ocrx_word' id='word_1_93' title='bbox 1910 1575 2000 1619; x_wconf 87' lang='lat'>105</span> 
     </span>
     <span class='ocr_line' id='line_1_16' title="bbox 380 1649 1361 1714; baseline 0.003 -19"><span class='ocrx_word' id='word_1_94' title='bbox 380 1651 434 1695; x_wconf 88' lang='lat' dir='ltr'>In</span> <span class='ocrx_word' id='word_1_95' title='bbox 462 1649 633 1714; x_wconf 85' lang='lat' dir='ltr'>magnis</span> <span class='ocrx_word' id='word_1_96' title='bbox 660 1649 900 1697; x_wconf 84' lang='lat' dir='ltr'>intervallis</span> <span class='ocrx_word' id='word_1_97' title='bbox 921 1670 931 1706; x_wconf 94' lang='grc'><strong>;</strong></span> <span class='ocrx_word' id='word_1_98' title='bbox 971 1650 1066 1698; x_wconf 87' lang='lat' dir='ltr'>haec</span> <span class='ocrx_word' id='word_1_99' title='bbox 1091 1654 1189 1698; x_wconf 80' lang='lat' dir='ltr'>a&#39;e&#39;ra</span> <span class='ocrx_word' id='word_1_100' title='bbox 1213 1669 1361 1699; x_wconf 88' lang='lat' dir='ltr'>rarum</span> 
     </span>
     <span class='ocr_line' id='line_1_17' title="bbox 381 1743 1479 1809; baseline 0 -20"><span class='ocrx_word' id='word_1_101' title='bbox 381 1743 635 1790; x_wconf 85' lang='lat' dir='ltr'>Subficiunt</span> <span class='ocrx_word' id='word_1_102' title='bbox 661 1743 802 1799; x_wconf 82' lang='lat' dir='ltr'>nobis,</span> <span class='ocrx_word' id='word_1_103' title='bbox 841 1758 886 1791; x_wconf 82' lang='lat' dir='ltr'>et</span> <span class='ocrx_word' id='word_1_104' title='bbox 911 1744 1144 1809; x_wconf 87' lang='lat' dir='ltr'>splendida</span> <span class='ocrx_word' id='word_1_105' title='bbox 1168 1744 1341 1791; x_wconf 86' lang='lat' dir='ltr'>lumina</span> <span class='ocrx_word' id='word_1_106' title='bbox 1365 1743 1479 1791; x_wconf 87' lang='lat' dir='ltr'>solis.</span> 
     </span>
     <span class='ocr_line' id='line_1_18' title="bbox 451 1834 1688 1901; baseline 0 -21"><span class='ocrx_word' id='word_1_107' title='bbox 451 1834 691 1899; x_wconf 86' lang='lat' dir='ltr'>Multaque</span> <span class='ocrx_word' id='word_1_108' title='bbox 717 1847 927 1899; x_wconf 75' lang='lat' dir='ltr'>praeterea</span> <span class='ocrx_word' id='word_1_109' title='bbox 950 1853 1170 1901; x_wconf 86' lang='lat' dir='ltr'>magnum</span> <span class='ocrx_word' id='word_1_110' title='bbox 1196 1854 1276 1901; x_wconf 87' lang='lat' dir='ltr'>per</span> <span class='ocrx_word' id='word_1_111' title='bbox 1300 1835 1430 1883; x_wconf 86' lang='lat' dir='ltr'>inane</span> <span class='ocrx_word' id='word_1_112' title='bbox 1455 1847 1688 1899; x_wconf 86' lang='lat' dir='ltr'>vagantur,</span> 
     </span>
     <span class='ocr_line' id='line_1_19' title="bbox 382 1927 1567 1994; baseline 0 -20"><span class='ocrx_word' id='word_1_113' title='bbox 382 1927 601 1975; x_wconf 84' lang='lat' dir='ltr'>Conciliis</span> <span class='ocrx_word' id='word_1_114' title='bbox 626 1946 774 1975; x_wconf 85' lang='lat' dir='ltr'>rerum</span> <span class='ocrx_word' id='word_1_115' title='bbox 799 1946 900 1993; x_wconf 87' lang='lat' dir='ltr'>quae</span> <span class='ocrx_word' id='word_1_116' title='bbox 926 1943 1029 1976; x_wconf 86' lang='lat' dir='ltr'>sunt</span> <span class='ocrx_word' id='word_1_117' title='bbox 1054 1930 1229 1994; x_wconf 85' lang='lat' dir='ltr'>rejecta,</span> <span class='ocrx_word' id='word_1_118' title='bbox 1269 1948 1351 1976; x_wconf 87' lang='lat' dir='ltr'>nec</span> <span class='ocrx_word' id='word_1_119' title='bbox 1377 1947 1567 1993; x_wconf 88' lang='lat' dir='ltr'>usquam</span> 
     </span>
     <span class='ocr_line' id='line_1_20' title="bbox 380 2022 2005 2089; baseline -0.001 -21"><span class='ocrx_word' id='word_1_120' title='bbox 380 2022 648 2069; x_wconf 87' lang='lat' dir='ltr'>Consociare</span> <span class='ocrx_word' id='word_1_121' title='bbox 672 2022 808 2070; x_wconf 85' lang='lat' dir='ltr'>etiam</span> <span class='ocrx_word' id='word_1_122' title='bbox 833 2022 976 2070; x_wconf 83' lang='lat' dir='ltr'>coitus</span> <span class='ocrx_word' id='word_1_123' title='bbox 1001 2038 1187 2089; x_wconf 84' lang='lat' dir='ltr'>potuere</span> <span class='ocrx_word' id='word_1_124' title='bbox 1212 2036 1417 2087; x_wconf 85' lang='lat' dir='ltr'>recepta:</span> <span class='ocrx_word' id='word_1_125' title='bbox 1911 2038 1929 2066; x_wconf 92' lang='lat'>1</span> <span class='ocrx_word' id='word_1_126' title='bbox 1946 2037 2005 2067; x_wconf 88' lang='lat'>10</span> 
     </span>
     <span class='ocr_line' id='line_1_21' title="bbox 383 2115 1650 2179; baseline -0.002 -17"><span class='ocrx_word' id='word_1_127' title='bbox 383 2115 574 2173; x_wconf 82' lang='lat' dir='ltr'>Quoius,</span> <span class='ocrx_word' id='word_1_128' title='bbox 613 2115 706 2163; x_wconf 84' lang='lat' dir='ltr'>urei</span> <span class='ocrx_word' id='word_1_129' title='bbox 731 2133 949 2173; x_wconf 88' lang='lat' dir='ltr'>memoro,</span> <span class='ocrx_word' id='word_1_130' title='bbox 988 2116 1050 2162; x_wconf 81' lang='lat' dir='ltr'>rei</span> <span class='ocrx_word' id='word_1_131' title='bbox 1075 2116 1378 2174; x_wconf 82' lang='lat' dir='ltr'>simulacrum,</span> <span class='ocrx_word' id='word_1_132' title='bbox 1416 2128 1460 2162; x_wconf 81' lang='lat' dir='ltr'>et</span> <span class='ocrx_word' id='word_1_133' title='bbox 1485 2115 1650 2179; x_wconf 78' lang='lat' dir='ltr'>imago,</span> 
     </span>
     <span class='ocr_line' id='line_1_22' title="bbox 380 2209 1530 2275; baseline -0.002 -18"><span class='ocrx_word' id='word_1_134' title='bbox 380 2214 504 2258; x_wconf 80' lang='lat' dir='ltr'>Ante</span> <span class='ocrx_word' id='word_1_135' title='bbox 530 2210 684 2257; x_wconf 89' lang='lat' dir='ltr'>oculos</span> <span class='ocrx_word' id='word_1_136' title='bbox 709 2227 886 2275; x_wconf 87' lang='lat' dir='ltr'>semper</span> <span class='ocrx_word' id='word_1_137' title='bbox 911 2209 1038 2256; x_wconf 89' lang='lat' dir='ltr'>nobis</span> <span class='ocrx_word' id='word_1_138' title='bbox 1063 2223 1278 2267; x_wconf 86' lang='lat' dir='ltr'>vorsatur,</span> <span class='ocrx_word' id='word_1_139' title='bbox 1317 2223 1362 2256; x_wconf 87' lang='lat' dir='ltr'>et</span> <span class='ocrx_word' id='word_1_140' title='bbox 1387 2209 1530 2256; x_wconf 87' lang='lat' dir='ltr'>instat.</span> 
     </span>
    </p>
   </div>
   <div class='ocr_carea' id='block_1_3' title="bbox 383 2302 1656 2370">
    <p class='ocr_par' dir='ltr' id='par_1_3' title="bbox 383 2302 1656 2370">
     <span class='ocr_line' id='line_1_23' title="bbox 383 2302 1656 2370; baseline -0.005 -18"><span class='ocrx_word' id='word_1_141' title='bbox 383 2305 732 2370; x_wconf 85' lang='lat' dir='ltr'>Contemplator</span> <span class='ocrx_word' id='word_1_142' title='bbox 756 2302 892 2361; x_wconf 81' lang='lat' dir='ltr'>enim,</span> <span class='ocrx_word' id='word_1_143' title='bbox 931 2321 1073 2368; x_wconf 89' lang='lat' dir='ltr'>quom</span> <span class='ocrx_word' id='word_1_144' title='bbox 1099 2302 1200 2349; x_wconf 86' lang='lat' dir='ltr'>solis</span> <span class='ocrx_word' id='word_1_145' title='bbox 1224 2302 1396 2351; x_wconf 82' lang='lat' dir='ltr'>lumina</span> <span class='ocrx_word' id='word_1_146' title='bbox 1425 2317 1656 2366; x_wconf 85' lang='lat' dir='ltr'>quomque</span> 
     </span>
    </p>
   </div>
   <div class='ocr_carea' id='block_1_4' title="bbox 313 2521 2007 2662">
    <p class='ocr_par' dir='ltr' id='par_1_4' title="bbox 313 2521 2007 2662">
     <span class='ocr_line' id='line_1_24' title="bbox 356 2521 2007 2561; baseline 0.001 -14"><span class='ocrx_word' id='word_1_147' title='bbox 356 2521 423 2548; x_wconf 78' lang='lat' dir='ltr'>Ver.</span> <span class='ocrx_word' id='word_1_148' title='bbox 443 2529 505 2556; x_wconf 78' lang='lat'><em>117.</em></span> <span class='ocrx_word' id='word_1_149' title='bbox 528 2523 584 2549; x_wconf 84' lang='lat' dir='ltr'>Not</span> <span class='ocrx_word' id='word_1_150' title='bbox 598 2522 786 2559; x_wconf 70' lang='lat' dir='ltr'>uno-esemthtg‚</span> <span class='ocrx_word' id='word_1_151' title='bbox 806 2521 929 2561; x_wconf 71' lang='lat' dir='ltr'>t&#39;farr&#39;ght</span> <span class='ocrx_word' id='word_1_152' title='bbox 943 2522 1049 2556; x_wconf 77' lang='lat' dir='ltr'>Ideem,</span> <span class='ocrx_word' id='word_1_153' title='bbox 1180 2523 1281 2552; x_wconf 81' lang='lat' dir='ltr'>debted</span> <span class='ocrx_word' id='word_1_154' title='bbox 1305 2532 1336 2552; x_wconf 91' lang='lat' dir='ltr'>to</span> <span class='ocrx_word' id='word_1_155' title='bbox 1360 2525 1406 2553; x_wconf 87' lang='lat' dir='ltr'>the</span> <span class='ocrx_word' id='word_1_156' title='bbox 1434 2524 1535 2552; x_wconf 79' lang='lat' dir='ltr'>atomic</span> <span class='ocrx_word' id='word_1_157' title='bbox 1563 2523 1671 2551; x_wconf 86' lang='lat' dir='ltr'>schools</span> <span class='ocrx_word' id='word_1_158' title='bbox 1695 2523 1729 2551; x_wconf 85' lang='lat' dir='ltr'>of</span> <span class='ocrx_word' id='word_1_159' title='bbox 1747 2523 1927 2551; x_wconf 77' lang='lat' dir='ltr'>Democritus</span> <span class='ocrx_word' id='word_1_160' title='bbox 1953 2521 2007 2549; x_wconf 85' lang='lat' dir='ltr'>and</span> 
     </span>
     <span class='ocr_line' id='line_1_25' title="bbox 434 2570 2007 2611; baseline -0.001 -13"><span class='ocrx_word' id='word_1_161' title='bbox 434 2570 517 2599; x_wconf 78' lang='lat' dir='ltr'>‘Those</span> <span class='ocrx_word' id='word_1_162' title='bbox 531 2579 603 2599; x_wconf 75' lang='lat' dir='ltr'>motes</span> <span class='ocrx_word' id='word_1_163' title='bbox 618 2573 708 2601; x_wconf 78' lang='lat' dir='ltr'>minute</span> <span class='ocrx_word' id='word_1_164' title='bbox 720 2572 785 2606; x_wconf 75' lang='lat' dir='ltr'>that,</span> <span class='ocrx_word' id='word_1_165' title='bbox 799 2573 875 2601; x_wconf 81' lang='lat' dir='ltr'>when</span> <span class='ocrx_word' id='word_1_166' title='bbox 884 2572 922 2601; x_wconf 87' lang='lat' dir='ltr'>th&#39;</span> <span class='ocrx_word' id='word_1_167' title='bbox 934 2572 1061 2602; x_wconf 80' lang='lat' dir='ltr'>obtrusive</span> <span class='ocrx_word' id='word_1_168' title='bbox 1074 2572 1137 2608; x_wconf 86' lang='lat' dir='ltr'>sun]</span> <span class='ocrx_word' id='word_1_169' title='bbox 1182 2573 1354 2611; x_wconf 82' lang='lat' dir='ltr'>Leucippus,</span> <span class='ocrx_word' id='word_1_170' title='bbox 1376 2574 1449 2606; x_wconf 88' lang='lat' dir='ltr'>who,</span> <span class='ocrx_word' id='word_1_171' title='bbox 1470 2584 1498 2601; x_wconf 84' lang='lat' dir='ltr'>as</span> <span class='ocrx_word' id='word_1_172' title='bbox 1516 2572 1654 2601; x_wconf 80' lang='lat' dir='ltr'>Aristotle</span> <span class='ocrx_word' id='word_1_173' title='bbox 1676 2571 1790 2600; x_wconf 82' lang='lat' dir='ltr'>informs</span> <span class='ocrx_word' id='word_1_174' title='bbox 1811 2582 1852 2604; x_wconf 87' lang='lat' dir='ltr'>us,</span> <span class='ocrx_word' id='word_1_175' title='bbox 1873 2571 1899 2598; x_wconf 83' lang='lat' dir='ltr'>in</span> <span class='ocrx_word' id='word_1_176' title='bbox 1917 2580 1932 2597; x_wconf 86' lang='lat' dir='ltr'>a</span> <span class='ocrx_word' id='word_1_177' title='bbox 1945 2579 2007 2606; x_wconf 82' lang='lat' dir='ltr'>pas-</span> 
     </span>
     <span class='ocr_line' id='line_1_26' title="bbox 313 2617 2007 2662; baseline -0.002 -13"><span class='ocrx_word' id='word_1_178' title='bbox 313 2621 370 2649; x_wconf 83' lang='lat' dir='ltr'>For</span> <span class='ocrx_word' id='word_1_179' title='bbox 390 2620 445 2651; x_wconf 77' lang='lat' dir='ltr'>this</span> <span class='ocrx_word' id='word_1_180' title='bbox 458 2621 640 2658; x_wconf 79' lang='lat' dir='ltr'>comparison,</span> <span class='ocrx_word' id='word_1_181' title='bbox 661 2622 709 2650; x_wconf 84' lang='lat' dir='ltr'>the</span> <span class='ocrx_word' id='word_1_182' title='bbox 733 2622 902 2660; x_wconf 68' lang='lat' dir='ltr'>Epicur-cans</span> <span class='ocrx_word' id='word_1_183' title='bbox 923 2633 968 2650; x_wconf 82' lang='lat' dir='ltr'>are</span> <span class='ocrx_word' id='word_1_184' title='bbox 988 2621 1089 2660; x_wconf 79' lang='lat' dir='ltr'>totally</span> <span class='ocrx_word' id='word_1_185' title='bbox 1102 2621 1142 2648; x_wconf 85' lang='lat' dir='ltr'>in·</span> <span class='ocrx_word' id='word_1_186' title='bbox 1181 2633 1246 2662; x_wconf 76' lang='lat' dir='ltr'>sage</span> <span class='ocrx_word' id='word_1_187' title='bbox 1260 2623 1363 2660; x_wconf 88' lang='lat' dir='ltr'>quoted</span> <span class='ocrx_word' id='word_1_188' title='bbox 1378 2623 1416 2660; x_wconf 85' lang='lat' dir='ltr'>by</span> <span class='ocrx_word' id='word_1_189' title='bbox 1432 2622 1595 2656; x_wconf 84' lang='lat' dir='ltr'>Lambinus,</span> <span class='ocrx_word' id='word_1_190' title='bbox 1613 2621 1745 2649; x_wconf 74' lang='lat' dir='ltr'>illustrate</span> <span class='ocrx_word' id='word_1_191' title='bbox 1760 2621 1835 2649; x_wconf 75' lang='lat' dir='ltr'>these</span> <span class='ocrx_word' id='word_1_192' title='bbox 1850 2617 2007 2647; x_wconf 73' lang='lat' dir='ltr'>anomalous</span> 
     </span>
    </p>
   </div>
  </div>
 </body>
</html>
