2139 2906
320 198 402 237 424
845 192 930 233 DE
962 191 1188 234 RERUM
1219 191 1485 234 NATURA.
1807 194 1912 236 Lm.
1934 193 2015 237 ΙΙΙ.

392 323 496 368 Nec
517 320 713 386 ‘reperire
738 319 986 384 figurarum
1011 332 1078 367 tot
1103 318 1300 377 nomina,
1339 333 1452 384 quot
1477 333 1578 367 sunt

393 412 640 478 Principiis,
680 413 801 459 unde
826 413 920 459 haec
946 412 1085 460 oritur
1109 412 1323 460 variantia
1347 430 1510 460 rerum.

463 507 585 555 Illud
610 507 655 555 in
681 507 764 555 hiis
790 507 919 554 rebus
944 506 1101 553 videor
1126 507 1316 553 formare
1341 520 1515 572 potesse
1537 527 1548 562 ς
1925 527 2019 569 320

392 603 551 665 Usque
577 601 689 647 adeo
714 614 970 647 naturarum
997 599 1186 664 vestigia
1211 598 1354 662 linqui

393 695 594 752 Parvola,
633 713 734 759 quae
759 707 953 758 nequeat
977 693 1088 740 ratio
1114 693 1338 758 depellere
1364 693 1492 740 dictis
1513 715 1524 750 ;

393 791 458 835 Ut
484 788 596 835 nihil
621 787 820 853 inpediat
844 788 1028 852 dignam
1054 786 1136 833 diis
1161 787 1322 851 degere
1347 786 1502 834 vitam.

461 885 573 930 Haec
598 882 732 947 igitur
758 895 913 929 natura
936 894 1113 928 tenetur
1137 899 1323 946 corpore
1351 882 1406 928 ab
1431 882 1584 938 omni3

393 979 586 1042 Ipsaque
611 975 806 1041 corporis
831 989 896 1022 est
921 988 1083 1032 custos,
1122 988 1167 1021 et
1192 993 1341 1021 caussa
1365 974 1542 1021 salutis:
1926 994 1982 1038 32
1993 995 2017 1039 5

394 1072 520 1117 Nam
545 1068 846 1117 communibus
874 1068 987 1116 inter
1011 1087 1055 1116 se
1080 1068 1300 1116 radicibus
1326 1069 1509 1125 haerent,

351 1213 356 1215 ξ
395 1166 499 1211 Nec
525 1164 617 1212 sine
642 1164 837 1229 pernicie
863 1163 1018 1211 divelli
1043 1182 1170 1229 posse
1196 1164 1421 1211 videntur.

396 1258 536 1311 Quod
560 1275 717 1322 genus,
756 1275 780 1303 e
806 1256 913 1303 turis
938 1256 1080 1321 glebis
1105 1256 1296 1304 evellere
1325 1257 1513 1304 odorem

396 1353 535 1400 Haud
560 1352 689 1399 facile
713 1365 793 1410 est,
832 1351 943 1416 quin
969 1350 1153 1398 intereat
1179 1364 1335 1398 natura
1359 1370 1543 1417 quoque
1567 1353 1691 1417 ejus:

398 1447 468 1494 Sic
494 1447 630 1494 animi
657 1460 791 1512 atque
817 1446 975 1494 animae
1002 1459 1206 1494 naturam
1232 1464 1418 1512 corpore
1443 1460 1540 1493 toto
1913 1452 2023 1512 '330

399 1540 644 1587 Extrahere
668 1540 790 1586 haud
816 1538 944 1585 facile
969 1553 1049 1596 est,
1088 1538 1201 1603 quin
1225 1539 1378 1585 omnia
1402 1540 1700 1588 dissoluantur
1720 1561 1730 1597 ;

401 1633 598 1699 Inplexis
626 1633 683 1679 ita
710 1633 936 1699 principiis
962 1633 1017 1679 ab
1044 1632 1215 1697 origine
1240 1632 1383 1698 prim&

402 1731 523 1774 Iuter
548 1745 592 1773 se
619 1727 735 1773 fiunt
760 1726 953 1773 consorti
976 1725 1160 1791 praedita
1183 1725 1303 1772 vitri:

402 1824 506 1868 Nec
532 1821 612 1867 sibi
638 1839 844 1885 quaeque,
884 1820 977 1867 sine
1002 1819 1178 1867 alterius
1203 1819 1265 1877 vi,
1304 1838 1432 1885 posse
1458 1821 1637 1869 videtur

404 1915 629 1981 Corporis,
668 1928 801 1979 atque
827 1914 980 1973 animi,
1020 1932 1217 1962 seorsum
1242 1931 1441 1962 constare
1466 1929 1688 1980 potestas:
1929 1935 1986 1978 33
1995 1935 2021 1979 5

406 2010 493 2056 Sed
518 2008 818 2056 conmunibus
845 2008 958 2055 inter
982 2026 1056 2055 eos
1082 2007 1304 2055 conflatur
1327 2007 1556 2072 utrimque

406 2101 625 2157 Motibus,
664 2101 877 2147 adcensus
902 2099 1029 2147 nobis
1055 2117 1134 2164 per
1157 2099 1340 2157 viscera,
1379 2117 1543 2146 sensus.

478 2199 705 2251 Praeterea,
744 2212 904 2258 corpus
930 2212 1009 2259 per
1033 2211 1077 2240 se
1102 2211 1185 2241 nec
1208 2193 1408 2258 gignitur
1432 2211 1665 2258 umquam,

408 2295 511 2339 Nec
536 2290 705 2347 crescit,
744 2307 891 2353 neque
916 2302 1020 2354 post
1044 2301 1235 2336 mortem
1262 2289 1418 2335 durare
1441 2288 1632 2335 videtur.

411 2390 524 2433 Non
548 2385 685 2442 enim,
723 2397 774 2430 ut
798 2384 962 2430 humor
987 2401 1127 2447 aquae,
1167 2381 1352 2428 dimittit
1377 2399 1492 2446 saepe
1516 2398 1733 2446 vaporem
1934 2401 2029 2444 340

413 2478 506 2532 Qui
532 2479 659 2525 datus
684 2490 763 2535 est,
791 2495 937 2542 neque
963 2476 1017 2524 e&
1039 2476 1192 2523 causs&
1216 2475 1485 2523 convellitur
1509 2474 1617 2539 ipse,

413 2573 498 2619 Sed
523 2585 674 2619 manet
698 2570 932 2618 incolomis
954 2589 964 2616 :
1009 2588 1115 2627 non,
1167 2569 1367 2634 inquam,
1393 2568 1454 2616 sic
1480 2567 1649 2615 animai*
