<?xml version="1.0" encoding="UTF-8"?>
<!DOCTYPE html PUBLIC "-//W3C//DTD XHTML 1.0 Transitional//EN"
    "http://www.w3.org/TR/xhtml1/DTD/xhtml1-transitional.dtd">
<html xmlns="http://www.w3.org/1999/xhtml" xml:lang="en" lang="en">
 <head>
  <title>
</title>
<meta http-equiv="Content-Type" content="text/html;charset=utf-8" />
  <meta name='ocr-system' content='tesseract 3.04.00' />
  <meta name='ocr-capabilities' content='ocr_page ocr_carea ocr_par ocr_line ocrx_word'/>
</head>
<body>
  <div class='ocr_page' id='page_1' title='image "./natureofthingsdi01lucr_0230.png"; bbox 0 0 2139 2906; ppageno 0'>
   <div class='ocr_carea' id='block_1_1' title="bbox 259 220 1966 267">
    <p class='ocr_par' dir='ltr' id='par_1_1' title="bbox 259 220 1966 267">
     <span class='ocr_line' id='line_1_1' title="bbox 259 220 1966 267; baseline 0 0"><span class='ocrx_word' id='word_1_1' title='bbox 259 229 312 267; x_wconf 81' lang='lat'>82</span> <span class='ocrx_word' id='word_1_2' title='bbox 776 222 862 264; x_wconf 89' lang='lat' dir='ltr'>DE</span> <span class='ocrx_word' id='word_1_3' title='bbox 894 221 1120 264; x_wconf 86' lang='lat' dir='ltr'>RERUM</span> <span class='ocrx_word' id='word_1_4' title='bbox 1151 220 1421 265; x_wconf 86' lang='lat' dir='ltr'>NATURA.</span> <span class='ocrx_word' id='word_1_5' title='bbox 1801 224 1907 267; x_wconf 77' lang='lat' dir='ltr'>Lm.</span> <span class='ocrx_word' id='word_1_6' title='bbox 1930 225 1966 267; x_wconf 50' lang='lat'>1⁵</span> 
     </span>
    </p>
   </div>
   <div class='ocr_carea' id='block_1_2' title="bbox 329 349 1677 511">
    <p class='ocr_par' dir='ltr' id='par_1_2' title="bbox 329 349 1677 511">
     <span class='ocr_line' id='line_1_2' title="bbox 329 349 1677 416; baseline -0.001 -18"><span class='ocrx_word' id='word_1_7' title='bbox 329 351 374 398; x_wconf 89' lang='lat' dir='ltr'>Si</span> <span class='ocrx_word' id='word_1_8' title='bbox 400 349 580 398; x_wconf 82' lang='lat' dir='ltr'>nullum</span> <span class='ocrx_word' id='word_1_9' title='bbox 606 353 734 409; x_wconf 69' lang='lat' dir='ltr'>foret,</span> <span class='ocrx_word' id='word_1_10' title='bbox 773 350 897 398; x_wconf 83' lang='lat' dir='ltr'>haud</span> <span class='ocrx_word' id='word_1_11' title='bbox 920 350 1152 416; x_wconf 57' lang='lat' dir='ltr'>quaquam</span> <span class='ocrx_word' id='word_1_12' title='bbox 1177 349 1260 396; x_wconf 89' lang='lat' dir='ltr'>sita</span> <span class='ocrx_word' id='word_1_13' title='bbox 1283 367 1470 415; x_wconf 89' lang='lat' dir='ltr'>corpora</span> <span class='ocrx_word' id='word_1_14' title='bbox 1494 362 1677 416; x_wconf 85' lang='lat' dir='ltr'><strong>possent</strong></span> 
     </span>
     <span class='ocr_line' id='line_1_3' title="bbox 329 444 1526 511; baseline -0.001 -19"><span class='ocrx_word' id='word_1_15' title='bbox 329 446 452 503; x_wconf 89' lang='lat' dir='ltr'>Esse,</span> <span class='ocrx_word' id='word_1_16' title='bbox 493 463 641 511; x_wconf 90' lang='lat' dir='ltr'>neque</span> <span class='ocrx_word' id='word_1_17' title='bbox 667 444 855 492; x_wconf 90' lang='lat' dir='ltr'>omnino</span> <span class='ocrx_word' id='word_1_18' title='bbox 880 463 1114 510; x_wconf 88' lang='lat' dir='ltr'>quoquam</span> <span class='ocrx_word' id='word_1_19' title='bbox 1139 444 1315 491; x_wconf 85' lang='lat' dir='ltr'>divorsa</span> <span class='ocrx_word' id='word_1_20' title='bbox 1339 461 1487 492; x_wconf 85' lang='lat' dir='ltr'><strong>meare</strong></span> <span class='ocrx_word' id='word_1_21' title='bbox 1514 463 1526 492; x_wconf 74' lang='lat' dir='ltr'><strong><em>z</em></strong></span> 
     </span>
    </p>
   </div>
   <div class='ocr_carea' id='block_1_3' title="bbox 332 537 1966 606">
    <p class='ocr_par' dir='ltr' id='par_1_3' title="bbox 332 537 1966 606">
     <span class='ocr_line' id='line_1_4' title="bbox 332 537 1966 606; baseline 0 -19"><span class='ocrx_word' id='word_1_22' title='bbox 332 539 401 598; x_wconf 89' lang='lat' dir='ltr'>Id,</span> <span class='ocrx_word' id='word_1_23' title='bbox 431 540 556 604; x_wconf 90' lang='lat' dir='ltr'>quod</span> <span class='ocrx_word' id='word_1_24' title='bbox 573 541 671 604; x_wconf 84' lang='lat' dir='ltr'>jam</span> <span class='ocrx_word' id='word_1_25' title='bbox 697 558 832 606; x_wconf 87' lang='lat' dir='ltr'>supra</span> <span class='ocrx_word' id='word_1_26' title='bbox 855 539 937 587; x_wconf 88' lang='lat' dir='ltr'>tibi</span> <span class='ocrx_word' id='word_1_27' title='bbox 961 539 1116 605; x_wconf 77' lang='lat' dir='ltr'>paullo</span> <span class='ocrx_word' id='word_1_28' title='bbox 1142 537 1430 586; x_wconf 86' lang='lat' dir='ltr'>obtendimus</span> <span class='ocrx_word' id='word_1_29' title='bbox 1461 551 1579 587; x_wconf 89' lang='lat' dir='ltr'>ante.</span> <span class='ocrx_word' id='word_1_30' title='bbox 1864 557 1966 604; x_wconf 83' lang='lat'>430</span> 
     </span>
    </p>
   </div>
   <div class='ocr_carea' id='block_1_4' title="bbox 284 724 1962 1543">
    <p class='ocr_par' dir='ltr' id='par_1_4' title="bbox 332 724 1623 980">
     <span class='ocr_line' id='line_1_5' title="bbox 402 724 1623 791; baseline -0.001 -17"><span class='ocrx_word' id='word_1_31' title='bbox 402 729 632 785; x_wconf 86' lang='lat' dir='ltr'>Praeterea,</span> <span class='ocrx_word' id='word_1_32' title='bbox 671 725 784 773; x_wconf 88' lang='lat' dir='ltr'>nihil</span> <span class='ocrx_word' id='word_1_33' title='bbox 810 739 890 783; x_wconf 90' lang='lat' dir='ltr'>est,</span> <span class='ocrx_word' id='word_1_34' title='bbox 929 725 1054 790; x_wconf 89' lang='lat' dir='ltr'>quod</span> <span class='ocrx_word' id='word_1_35' title='bbox 1079 725 1218 791; x_wconf 82' lang='lat' dir='ltr'>possis</span> <span class='ocrx_word' id='word_1_36' title='bbox 1244 725 1391 772; x_wconf 81' lang='lat' dir='ltr'>dicere</span> <span class='ocrx_word' id='word_1_37' title='bbox 1415 725 1471 771; x_wconf 87' lang='lat' dir='ltr'>ab</span> <span class='ocrx_word' id='word_1_38' title='bbox 1496 724 1623 773; x_wconf 89' lang='lat' dir='ltr'>omni</span> 
     </span>
     <span class='ocr_line' id='line_1_6' title="bbox 332 819 1558 886; baseline -0.002 -18"><span class='ocrx_word' id='word_1_39' title='bbox 332 823 534 886; x_wconf 82' lang='lat' dir='ltr'>Corpore</span> <span class='ocrx_word' id='word_1_40' title='bbox 559 822 829 885; x_wconf 87' lang='lat' dir='ltr'>sejunctum,</span> <span class='ocrx_word' id='word_1_41' title='bbox 869 832 1182 884; x_wconf 85' lang='lat' dir='ltr'>secretumque</span> <span class='ocrx_word' id='word_1_42' title='bbox 1207 837 1299 866; x_wconf 91' lang='lat' dir='ltr'>esse</span> <span class='ocrx_word' id='word_1_43' title='bbox 1324 820 1379 865; x_wconf 90' lang='lat' dir='ltr'>ab</span> <span class='ocrx_word' id='word_1_44' title='bbox 1405 819 1525 867; x_wconf 88' lang='lat' dir='ltr'>inani</span> <span class='ocrx_word' id='word_1_45' title='bbox 1546 839 1558 876; x_wconf 92' lang='lat'>;</span> 
     </span>
     <span class='ocr_line' id='line_1_7' title="bbox 332 914 1449 980; baseline -0.003 -18"><span class='ocrx_word' id='word_1_46' title='bbox 332 915 456 969; x_wconf 82' lang='lat' dir='ltr'>Quoi</span> <span class='ocrx_word' id='word_1_47' title='bbox 482 915 606 980; x_wconf 89' lang='lat' dir='ltr'>quasi</span> <span class='ocrx_word' id='word_1_48' title='bbox 633 915 761 962; x_wconf 86' lang='lat' dir='ltr'>tertia</span> <span class='ocrx_word' id='word_1_49' title='bbox 785 914 840 961; x_wconf 90' lang='lat' dir='ltr'>sit</span> <span class='ocrx_word' id='word_1_50' title='bbox 864 931 1056 961; x_wconf 88' lang='lat' dir='ltr'>numero</span> <span class='ocrx_word' id='word_1_51' title='bbox 1081 926 1237 960; x_wconf 87' lang='lat' dir='ltr'>natura</span> <span class='ocrx_word' id='word_1_52' title='bbox 1262 927 1449 978; x_wconf 90' lang='lat' dir='ltr'>reperta.</span> 
     </span>
    </p>

    <p class='ocr_par' dir='ltr' id='par_1_5' title="bbox 284 1006 1962 1258">
     <span class='ocr_line' id='line_1_8' title="bbox 284 1006 1778 1074; baseline -0.001 -17"><span class='ocrx_word' id='word_1_53' title='bbox 284 1053 292 1059; x_wconf 87' lang='lat'>.</span> <span class='ocrx_word' id='word_1_54' title='bbox 331 1010 474 1067; x_wconf 80' lang='lat' dir='ltr'>Nam,</span> <span class='ocrx_word' id='word_1_55' title='bbox 513 1009 874 1074; x_wconf 89' lang='lat' dir='ltr'>quodquomque</span> <span class='ocrx_word' id='word_1_56' title='bbox 899 1007 996 1065; x_wconf 84' lang='lat' dir='ltr'>erit,</span> <span class='ocrx_word' id='word_1_57' title='bbox 1035 1024 1128 1054; x_wconf 84' lang='lat' dir='ltr'>esse</span> <span class='ocrx_word' id='word_1_58' title='bbox 1153 1006 1324 1071; x_wconf 82' lang='lat' dir='ltr'>aliquid</span> <span class='ocrx_word' id='word_1_59' title='bbox 1349 1006 1531 1054; x_wconf 82' lang='lat' dir='ltr'>debebit</span> <span class='ocrx_word' id='word_1_60' title='bbox 1556 1006 1602 1053; x_wconf 92' lang='lat' dir='ltr'>id</span> <span class='ocrx_word' id='word_1_61' title='bbox 1628 1006 1778 1072; x_wconf 88' lang='lat' dir='ltr'>ipsum</span> 
     </span>
     <span class='ocr_line' id='line_1_9' title="bbox 330 1099 1962 1168; baseline -0.003 -18"><span class='ocrx_word' id='word_1_62' title='bbox 330 1102 567 1168; x_wconf 86' lang='lat' dir='ltr'>Augmine</span> <span class='ocrx_word' id='word_1_63' title='bbox 592 1102 667 1150; x_wconf 88' lang='lat' dir='ltr'>vel</span> <span class='ocrx_word' id='word_1_64' title='bbox 691 1101 864 1167; x_wconf 86' lang='lat' dir='ltr'>grandi,</span> <span class='ocrx_word' id='word_1_65' title='bbox 902 1101 977 1147; x_wconf 87' lang='lat' dir='ltr'>vel</span> <span class='ocrx_word' id='word_1_66' title='bbox 1001 1118 1144 1166; x_wconf 85' lang='lat' dir='ltr'>parvo</span> <span class='ocrx_word' id='word_1_67' title='bbox 1169 1099 1380 1165; x_wconf 85' lang='lat' dir='ltr'>denique,</span> <span class='ocrx_word' id='word_1_68' title='bbox 1419 1100 1532 1148; x_wconf 90' lang='lat' dir='ltr'>dum</span> <span class='ocrx_word' id='word_1_69' title='bbox 1557 1100 1612 1147; x_wconf 91' lang='lat' dir='ltr'>sit</span> <span class='ocrx_word' id='word_1_70' title='bbox 1639 1120 1650 1157; x_wconf 83' lang='lat'><em>3</em></span> <span class='ocrx_word' id='word_1_71' title='bbox 1864 1119 1925 1165; x_wconf 85' lang='lat'>43</span> <span class='ocrx_word' id='word_1_72' title='bbox 1935 1119 1962 1164; x_wconf 88' lang='lat'>5</span> 
     </span>
     <span class='ocr_line' id='line_1_10' title="bbox 331 1191 1540 1258; baseline -0.004 -15"><span class='ocrx_word' id='word_1_73' title='bbox 331 1195 455 1250; x_wconf 80' lang='lat' dir='ltr'>Quoi</span> <span class='ocrx_word' id='word_1_74' title='bbox 481 1195 515 1242; x_wconf 91' lang='lat' dir='ltr'>si</span> <span class='ocrx_word' id='word_1_75' title='bbox 541 1208 684 1242; x_wconf 88' lang='lat' dir='ltr'>tactus</span> <span class='ocrx_word' id='word_1_76' title='bbox 710 1194 792 1242; x_wconf 88' lang='lat' dir='ltr'>erit</span> <span class='ocrx_word' id='word_1_77' title='bbox 817 1211 957 1258; x_wconf 82' lang='lat' dir='ltr'>quam</span> <span class='ocrx_word' id='word_1_78' title='bbox 981 1192 1050 1239; x_wconf 86' lang='lat' dir='ltr'>vis</span> <span class='ocrx_word' id='word_1_79' title='bbox 1075 1192 1202 1249; x_wconf 83' lang='lat' dir='ltr'>levis,</span> <span class='ocrx_word' id='word_1_80' title='bbox 1243 1191 1540 1258; x_wconf 80' lang='lat' dir='ltr'>exiguusque,</span> 
     </span>
    </p>

    <p class='ocr_par' dir='ltr' id='par_1_6' title="bbox 329 1287 1657 1543">
     <span class='ocr_line' id='line_1_11' title="bbox 330 1287 1657 1355; baseline -0.002 -19"><span class='ocrx_word' id='word_1_81' title='bbox 330 1288 542 1355; x_wconf 87' lang='lat' dir='ltr'>Corporis</span> <span class='ocrx_word' id='word_1_82' title='bbox 568 1287 750 1353; x_wconf 79' lang='lat' dir='ltr'>augebit</span> <span class='ocrx_word' id='word_1_83' title='bbox 775 1304 1034 1343; x_wconf 85' lang='lat' dir='ltr'>numerum,</span> <span class='ocrx_word' id='word_1_84' title='bbox 1073 1303 1391 1350; x_wconf 87' lang='lat' dir='ltr'>summamque</span> <span class='ocrx_word' id='word_1_85' title='bbox 1417 1297 1657 1351; x_wconf 88' lang='lat' dir='ltr'>sequetur:</span> 
     </span>
     <span class='ocr_line' id='line_1_12' title="bbox 331 1380 1477 1445; baseline -0.004 -14"><span class='ocrx_word' id='word_1_86' title='bbox 331 1383 412 1432; x_wconf 91' lang='lat' dir='ltr'>Sin</span> <span class='ocrx_word' id='word_1_87' title='bbox 436 1382 634 1430; x_wconf 83' lang='lat' dir='ltr'>intactile</span> <span class='ocrx_word' id='word_1_88' title='bbox 660 1381 756 1440; x_wconf 85' lang='lat' dir='ltr'>erit,</span> <span class='ocrx_word' id='word_1_89' title='bbox 795 1380 922 1429; x_wconf 65' lang='lat' dir='ltr'>nulla</span> <span class='ocrx_word' id='word_1_90' title='bbox 947 1380 1004 1427; x_wconf 91' lang='lat' dir='ltr'>de</span> <span class='ocrx_word' id='word_1_91' title='bbox 1029 1393 1154 1445; x_wconf 87' lang='lat' dir='ltr'>parte</span> <span class='ocrx_word' id='word_1_92' title='bbox 1178 1380 1304 1445; x_wconf 89' lang='lat' dir='ltr'>quod</span> <span class='ocrx_word' id='word_1_93' title='bbox 1334 1380 1477 1426; x_wconf 84' lang='lat' dir='ltr'>ullam</span> 
     </span>
     <span class='ocr_line' id='line_1_13' title="bbox 329 1474 1542 1543; baseline -0.005 -17"><span class='ocrx_word' id='word_1_94' title='bbox 329 1481 453 1526; x_wconf 86' lang='lat' dir='ltr'>Rern</span> <span class='ocrx_word' id='word_1_95' title='bbox 477 1476 714 1543; x_wconf 86' lang='lat' dir='ltr'>prohibere</span> <span class='ocrx_word' id='word_1_96' title='bbox 739 1488 875 1541; x_wconf 85' lang='lat' dir='ltr'>queat</span> <span class='ocrx_word' id='word_1_97' title='bbox 899 1493 979 1540; x_wconf 87' lang='lat' dir='ltr'>per</span> <span class='ocrx_word' id='word_1_98' title='bbox 1004 1493 1049 1521; x_wconf 89' lang='lat' dir='ltr'>se</span> <span class='ocrx_word' id='word_1_99' title='bbox 1074 1474 1255 1521; x_wconf 86' lang='lat' dir='ltr'>transire</span> <span class='ocrx_word' id='word_1_100' title='bbox 1284 1487 1542 1531; x_wconf 83' lang='lat' dir='ltr'>meantem3</span> 
     </span>
    </p>
   </div>
   <div class='ocr_carea' id='block_1_5' title="bbox 330 1568 1962 1634">
    <p class='ocr_par' dir='ltr' id='par_1_7' title="bbox 330 1568 1962 1634">
     <span class='ocr_line' id='line_1_14' title="bbox 330 1568 1962 1634; baseline -0.001 -14"><span class='ocrx_word' id='word_1_101' title='bbox 330 1571 507 1621; x_wconf 89' lang='lat' dir='ltr'>Scilicet</span> <span class='ocrx_word' id='word_1_102' title='bbox 531 1571 661 1618; x_wconf 91' lang='lat' dir='ltr'>hocc&#39;</span> <span class='ocrx_word' id='word_1_103' title='bbox 689 1570 736 1617; x_wconf 92' lang='lat' dir='ltr'>id</span> <span class='ocrx_word' id='word_1_104' title='bbox 760 1569 842 1617; x_wconf 90' lang='lat' dir='ltr'>erit</span> <span class='ocrx_word' id='word_1_105' title='bbox 867 1588 1081 1627; x_wconf 84' lang='lat' dir='ltr'>vacuum,</span> <span class='ocrx_word' id='word_1_106' title='bbox 1108 1569 1234 1634; x_wconf 88' lang='lat' dir='ltr'>quod</span> <span class='ocrx_word' id='word_1_107' title='bbox 1260 1568 1390 1616; x_wconf 82' lang='lat' dir='ltr'>inane</span> <span class='ocrx_word' id='word_1_108' title='bbox 1416 1587 1647 1616; x_wconf 88' lang='lat' dir='ltr'>vocamus.</span> <span class='ocrx_word' id='word_1_109' title='bbox 1862 1586 1962 1630; x_wconf 82' lang='lat'>440</span> 
     </span>
    </p>
   </div>
   <div class='ocr_carea' id='block_1_6' title="bbox 328 1754 1958 2574">
    <p class='ocr_par' dir='ltr' id='par_1_8' title="bbox 328 1754 1958 2574">
     <span class='ocr_line' id='line_1_15' title="bbox 400 1754 1752 1826; baseline -0.005 -18"><span class='ocrx_word' id='word_1_110' title='bbox 400 1763 629 1817; x_wconf 75' lang='lat' dir='ltr'>Praeterea,</span> <span class='ocrx_word' id='word_1_111' title='bbox 670 1777 750 1826; x_wconf 87' lang='lat' dir='ltr'>per</span> <span class='ocrx_word' id='word_1_112' title='bbox 775 1776 820 1806; x_wconf 87' lang='lat' dir='ltr'>se</span> <span class='ocrx_word' id='word_1_113' title='bbox 844 1758 1206 1823; x_wconf 87' lang='lat' dir='ltr'>quodquomque</span> <span class='ocrx_word' id='word_1_114' title='bbox 1230 1755 1328 1813; x_wconf 85' lang='lat' dir='ltr'>erit,</span> <span class='ocrx_word' id='word_1_115' title='bbox 1367 1770 1444 1802; x_wconf 86' lang='lat' dir='ltr'>aut</span> <span class='ocrx_word' id='word_1_116' title='bbox 1470 1754 1602 1803; x_wconf 77' lang='lat' dir='ltr'>faciet</span> <span class='ocrx_word' id='word_1_117' title='bbox 1626 1754 1752 1820; x_wconf 89' lang='lat' dir='ltr'>quid,</span> 
     </span>
     <span class='ocr_line' id='line_1_16' title="bbox 332 1850 1365 1919; baseline -0.006 -17"><span class='ocrx_word' id='word_1_118' title='bbox 332 1860 429 1903; x_wconf 86' lang='lat' dir='ltr'>Aut</span> <span class='ocrx_word' id='word_1_119' title='bbox 454 1855 548 1902; x_wconf 89' lang='lat' dir='ltr'>aliis</span> <span class='ocrx_word' id='word_1_120' title='bbox 574 1853 704 1919; x_wconf 82' lang='lat' dir='ltr'>fungi</span> <span class='ocrx_word' id='word_1_121' title='bbox 730 1852 913 1901; x_wconf 91' lang='lat' dir='ltr'>debebit</span> <span class='ocrx_word' id='word_1_122' title='bbox 938 1850 1173 1917; x_wconf 74' lang='lat' dir='ltr'>agentibus</span> <span class='ocrx_word' id='word_1_123' title='bbox 1200 1851 1365 1916; x_wconf 82' lang='lat' dir='ltr'>ipsum,</span> 
     </span>
     <span class='ocr_line' id='line_1_17' title="bbox 331 1944 1481 2014; baseline -0.007 -16"><span class='ocrx_word' id='word_1_124' title='bbox 331 1955 429 1998; x_wconf 86' lang='lat' dir='ltr'>Aut</span> <span class='ocrx_word' id='word_1_125' title='bbox 453 1949 549 2007; x_wconf 84' lang='lat' dir='ltr'>erit,</span> <span class='ocrx_word' id='word_1_126' title='bbox 588 1962 639 1996; x_wconf 88' lang='lat' dir='ltr'>ut</span> <span class='ocrx_word' id='word_1_127' title='bbox 664 1961 853 2014; x_wconf 83' lang='lat' dir='ltr'>possunt</span> <span class='ocrx_word' id='word_1_128' title='bbox 878 1947 924 1994; x_wconf 90' lang='lat' dir='ltr'>in</span> <span class='ocrx_word' id='word_1_129' title='bbox 949 1965 1004 1994; x_wconf 90' lang='lat' dir='ltr'>eo</span> <span class='ocrx_word' id='word_1_130' title='bbox 1030 1964 1096 1993; x_wconf 88' lang='lat' dir='ltr'>res</span> <span class='ocrx_word' id='word_1_131' title='bbox 1121 1963 1229 2003; x_wconf 82' lang='lat' dir='ltr'>esse,</span> <span class='ocrx_word' id='word_1_132' title='bbox 1267 1944 1481 2009; x_wconf 84' lang='lat' dir='ltr'>gerique:</span> 
     </span>
     <span class='ocr_line' id='line_1_18' title="bbox 328 2037 1626 2106; baseline -0.006 -14"><span class='ocrx_word' id='word_1_133' title='bbox 328 2048 394 2092; x_wconf 85' lang='lat' dir='ltr'>At</span> <span class='ocrx_word' id='word_1_134' title='bbox 418 2044 577 2100; x_wconf 90' lang='lat' dir='ltr'>facere,</span> <span class='ocrx_word' id='word_1_135' title='bbox 615 2055 660 2090; x_wconf 93' lang='lat' dir='ltr'>et</span> <span class='ocrx_word' id='word_1_136' title='bbox 686 2041 831 2106; x_wconf 81' lang='lat' dir='ltr'>fungi,</span> <span class='ocrx_word' id='word_1_137' title='bbox 870 2040 963 2087; x_wconf 89' lang='lat' dir='ltr'>sine</span> <span class='ocrx_word' id='word_1_138' title='bbox 988 2056 1174 2104; x_wconf 89' lang='lat' dir='ltr'>corpore</span> <span class='ocrx_word' id='word_1_139' title='bbox 1211 2037 1336 2084; x_wconf 87' lang='lat' dir='ltr'>nulla</span> <span class='ocrx_word' id='word_1_140' title='bbox 1359 2050 1508 2103; x_wconf 89' lang='lat' dir='ltr'>potest</span> <span class='ocrx_word' id='word_1_141' title='bbox 1531 2055 1626 2093; x_wconf 82' lang='lat' dir='ltr'>res3</span> 
     </span>
     <span class='ocr_line' id='line_1_19' title="bbox 330 2130 1958 2204; baseline -0.007 -19"><span class='ocrx_word' id='word_1_142' title='bbox 330 2140 431 2186; x_wconf 90' lang='lat' dir='ltr'>Nec</span> <span class='ocrx_word' id='word_1_143' title='bbox 457 2137 653 2204; x_wconf 75' lang='lat' dir='ltr'>praebere</span> <span class='ocrx_word' id='word_1_144' title='bbox 678 2135 833 2181; x_wconf 89' lang='lat' dir='ltr'>locum</span> <span class='ocrx_word' id='word_1_145' title='bbox 858 2150 1006 2198; x_wconf 83' lang='lat' dir='ltr'>porro,</span> <span class='ocrx_word' id='word_1_146' title='bbox 1034 2130 1116 2178; x_wconf 89' lang='lat' dir='ltr'>nisi</span> <span class='ocrx_word' id='word_1_147' title='bbox 1150 2130 1282 2177; x_wconf 90' lang='lat' dir='ltr'>inane</span> <span class='ocrx_word' id='word_1_148' title='bbox 1307 2148 1574 2195; x_wconf 75' lang='lat' dir='ltr'>vacansque,</span> <span class='ocrx_word' id='word_1_149' title='bbox 1861 2147 1958 2192; x_wconf 86' lang='lat'>445</span> 
     </span>
     <span class='ocr_line' id='line_1_20' title="bbox 330 2224 1457 2296; baseline -0.005 -18"><span class='ocrx_word' id='word_1_150' title='bbox 330 2234 452 2296; x_wconf 85' lang='lat' dir='ltr'>Ergo</span> <span class='ocrx_word' id='word_1_151' title='bbox 477 2242 636 2296; x_wconf 80' lang='lat' dir='ltr'>praeter</span> <span class='ocrx_word' id='word_1_152' title='bbox 661 2227 807 2285; x_wconf 83' lang='lat' dir='ltr'>inane,</span> <span class='ocrx_word' id='word_1_153' title='bbox 846 2240 891 2274; x_wconf 91' lang='lat' dir='ltr'>et</span> <span class='ocrx_word' id='word_1_154' title='bbox 916 2243 1117 2291; x_wconf 84' lang='lat' dir='ltr'>corpora,</span> <span class='ocrx_word' id='word_1_155' title='bbox 1156 2224 1283 2271; x_wconf 81' lang='lat' dir='ltr'>tertia</span> <span class='ocrx_word' id='word_1_156' title='bbox 1309 2243 1388 2290; x_wconf 90' lang='lat' dir='ltr'>per</span> <span class='ocrx_word' id='word_1_157' title='bbox 1413 2243 1457 2272; x_wconf 88' lang='lat' dir='ltr'>se</span> 
     </span>
     <span class='ocr_line' id='line_1_21' title="bbox 328 2312 1541 2389; baseline -0.006 -18"><span class='ocrx_word' id='word_1_158' title='bbox 328 2324 474 2372; x_wconf 87' lang='lat' dir='ltr'>Nulla</span> <span class='ocrx_word' id='word_1_159' title='bbox 498 2335 646 2389; x_wconf 88' lang='lat' dir='ltr'>potest</span> <span class='ocrx_word' id='word_1_160' title='bbox 671 2340 819 2369; x_wconf 86' lang='lat' dir='ltr'>rerum</span> <span class='ocrx_word' id='word_1_161' title='bbox 846 2320 892 2368; x_wconf 90' lang='lat' dir='ltr'>in</span> <span class='ocrx_word' id='word_1_162' title='bbox 918 2338 1108 2367; x_wconf 84' lang='lat' dir='ltr'>numero</span> <span class='ocrx_word' id='word_1_163' title='bbox 1133 2332 1290 2366; x_wconf 81' lang='lat' dir='ltr'>natura</span> <span class='ocrx_word' id='word_1_164' title='bbox 1314 2312 1506 2383; x_wconf 76' lang='lat' dir='ltr'>relinqui</span> <span class='ocrx_word' id='word_1_165' title='bbox 1528 2338 1541 2374; x_wconf 86' lang='grc'>;</span> 
     </span>
     <span class='ocr_line' id='line_1_22' title="bbox 328 2413 1585 2482; baseline -0.006 -17"><span class='ocrx_word' id='word_1_166' title='bbox 328 2421 448 2475; x_wconf 82' lang='lat' dir='ltr'>Nec,</span> <span class='ocrx_word' id='word_1_167' title='bbox 486 2435 587 2482; x_wconf 79' lang='lat' dir='ltr'>quae</span> <span class='ocrx_word' id='word_1_168' title='bbox 612 2416 694 2462; x_wconf 87' lang='lat' dir='ltr'>sub</span> <span class='ocrx_word' id='word_1_169' title='bbox 720 2433 871 2462; x_wconf 87' lang='lat' dir='ltr'>sensus</span> <span class='ocrx_word' id='word_1_170' title='bbox 896 2414 1025 2461; x_wconf 85' lang='lat' dir='ltr'>cadat</span> <span class='ocrx_word' id='word_1_171' title='bbox 1051 2413 1145 2461; x_wconf 87' lang='lat' dir='ltr'>ullo</span> <span class='ocrx_word' id='word_1_172' title='bbox 1170 2427 1374 2478; x_wconf 85' lang='lat' dir='ltr'>tempore</span> <span class='ocrx_word' id='word_1_173' title='bbox 1399 2425 1585 2469; x_wconf 76' lang='lat' dir='ltr'>nostrOS,</span> 
     </span>
     <span class='ocr_line' id='line_1_23' title="bbox 330 2505 1560 2574; baseline -0.005 -16"><span class='ocrx_word' id='word_1_174' title='bbox 330 2514 435 2558; x_wconf 89' lang='lat' dir='ltr'>Nec</span> <span class='ocrx_word' id='word_1_175' title='bbox 460 2510 628 2557; x_wconf 85' lang='lat' dir='ltr'>ratione</span> <span class='ocrx_word' id='word_1_176' title='bbox 654 2508 791 2556; x_wconf 90' lang='lat' dir='ltr'>animi</span> <span class='ocrx_word' id='word_1_177' title='bbox 817 2526 956 2574; x_wconf 90' lang='lat' dir='ltr'>quam</span> <span class='ocrx_word' id='word_1_178' title='bbox 982 2507 1222 2573; x_wconf 86' lang='lat' dir='ltr'>quisquam</span> <span class='ocrx_word' id='word_1_179' title='bbox 1246 2506 1384 2572; x_wconf 88' lang='lat' dir='ltr'>possit</span> <span class='ocrx_word' id='word_1_180' title='bbox 1409 2505 1560 2571; x_wconf 80' lang='lat' dir='ltr'>apisci.</span> 
     </span>
    </p>
   </div>
   <div class='ocr_carea' id='block_1_7' title="bbox 329 2598 1956 2669">
    <p class='ocr_par' dir='ltr' id='par_1_9' title="bbox 329 2598 1956 2669">
     <span class='ocr_line' id='line_1_24' title="bbox 329 2598 1956 2669; baseline -0.003 -18"><span class='ocrx_word' id='word_1_181' title='bbox 329 2606 470 2661; x_wconf 84' lang='lat' dir='ltr'>Nam,</span> <span class='ocrx_word' id='word_1_182' title='bbox 509 2621 844 2669; x_wconf 77' lang='lat' dir='ltr'>quaequomque</span> <span class='ocrx_word' id='word_1_183' title='bbox 870 2602 1039 2662; x_wconf 84' lang='lat' dir='ltr'>cluent,</span> <span class='ocrx_word' id='word_1_184' title='bbox 1078 2614 1154 2649; x_wconf 87' lang='lat' dir='ltr'>aut</span> <span class='ocrx_word' id='word_1_185' title='bbox 1179 2600 1262 2648; x_wconf 89' lang='lat' dir='ltr'>hiis</span> <span class='ocrx_word' id='word_1_186' title='bbox 1288 2599 1531 2663; x_wconf 84' lang='lat' dir='ltr'>conjuncta</span> <span class='ocrx_word' id='word_1_187' title='bbox 1556 2598 1728 2646; x_wconf 84' lang='lat' dir='ltr'>duabus</span> <span class='ocrx_word' id='word_1_188' title='bbox 1856 2615 1956 2659; x_wconf 84' lang='lat'>450</span> 
     </span>
    </p>
   </div>
  </div>
 </body>
</html>
