2139 2906
301 219 379 260 190
780 210 889 257 'DE
922 215 1150 259 RERUM
1180 216 1446 260 NATURA.
1812 217 1914 261 Lm.
1940 218 1997 261 ΙΙ,

370 340 568 406 Jacteris,
606 359 745 405 quam
770 341 805 387 si
830 341 1005 407 plebei&
1031 343 1077 392 in
1102 358 1226 393 veste
1252 345 1513 393 cubandum
1537 356 1616 391 est.

445 435 750 500 Quapropter,
789 435 1006 500 quoniam
1031 436 1144 484 nihil
1170 452 1320 487 nostro
1345 439 1392 487 in
1417 456 1601 504 corpore
1626 454 1747 502 gazae

374 528 636 586 Proficiunt,
676 547 823 594 neque
850 530 1071 589 nobilitas,
1111 551 1193 580 nec
1218 532 1359 598 gloria
1382 532 1507 597 regni
1529 553 1540 587 3

374 622 514 676 Quod
540 639 672 687 super
696 634 776 678 est,
814 622 966 669 animo
991 642 1175 690 quoque
1201 625 1314 673 nihil
1339 625 1546 691 prodesse
1577 625 1829 690 putandum
1853 643 1862 669 :

377 715 423 763 Si
450 734 556 773 non,
597 715 710 762 forte
737 728 832 762 tuas
858 715 1056 780 legiones
1082 736 1161 782 per
1187 718 1285 764 loca
1309 717 1459 782 campi
1942 732 2005 774 40

378 809 567 853 Fervere
593 826 735 871 quom
762 806 939 864 videas,
965 806 1074 854 belli
1100 807 1334 855 simulacra
1358 807 1539 856 cienteis
1562 830 1571 864 3

377 902 412 946 F
415 917 566 946 ervere
592 918 734 964 quom
760 899 911 946 videas
937 900 1137 958 classem,
1177 901 1355 966 lateque
1380 902 1528 966 vagari
1552 922 1562 957 ;

378 991 478 1038 Hiis
504 991 584 1038 tibi
610 1010 717 1038 curn
743 992 887 1049 rebus,
928 992 1183 1050 timefactae,
1225 993 1486 1058 Religiones

380 1085 630 1150 chugiunt
655 1085 806 1133 animo
831 1085 1007 1151 pavidae
972 1118 1022 1143 os,
1060 1086 1306 1151 mortisque
1331 1086 1540 1143 timores;

378 1182 508 1227 Tum
533 1197 732 1227 vacuum
758 1192 937 1245 tempus
962 1180 1189 1244 linquunt,
1229 1181 1424 1245 curssque
1450 1181 1677 1228 solutum:
1945 1199 2004 1243 45

380 1271 536 1327 Quod,
575 1271 610 1317 si
635 1271 821 1318 ridicula
845 1271 955 1329 haec,
994 1271 1290 1337 ludibriaque,
1329 1290 1420 1320 esse
1446 1272 1680 1327 videmus:

381 1366 455 1412 Re
481 1365 677 1429 veruque
703 1367 857 1412 Metus
883 1365 1138 1423 hominum,
1178 1369 1401 1431 Curaeque
1430 1384 1653 1431 sequaces,

381 1459 487 1505 Nec
511 1470 722 1504 metuunt
747 1457 915 1504 sonitus
941 1475 1183 1515 armorum,
1223 1477 1305 1506 nec
1331 1458 1422 1506 fera
1455 1459 1541 1505 tela
1565 1479 1575 1513 3

385 1549 708 1614 Audacterque
733 1548 847 1596 inter
872 1566 995 1614 reges
1021 1568 1260 1614 rerumque
1285 1549 1507 1614 potenteis

386 1645 650 1700 Vorsantur‚
680 1661 827 1708 neque
853 1643 1079 1708 fulgorem
1104 1656 1362 1691 reverentur
1386 1644 1440 1690 ab
1466 1662 1586 1700 auro,
1949 1660 2013 1706 50

388 1739 492 1784 Nec
518 1736 689 1784 clarum
714 1736 847 1784 vestis
873 1737 1160 1802 splendorem
1184 1739 1456 1803 purpuerea'i
1474 1756 1484 1782 τ

390 1830 517 1883 Quid
542 1829 732 1887 dubitas,
771 1829 882 1894 quin
907 1830 1053 1878 omnis
1079 1830 1132 1877 sit
1158 1830 1253 1876 haec
1278 1828 1457 1875 rationis
1486 1840 1678 1893 potestas
1707 1831 1722 1875 ?

390 1922 553 1969 Omnis
578 1940 721 1987 quom
746 1922 792 1969 in
817 1923 1008 1971 tenebris
1033 1922 1275 1989 praesertim
1301 1923 1395 1968 vita
1417 1921 1601 1967 laboret.

392 2017 534 2072 Nam,
561 2015 730 2063 velutei
756 2016 909 2082 puerei
935 2016 1171 2083 trepidant,
1208 2028 1341 2079 atque
1367 2012 1519 2059 omnia
1543 2012 1668 2059 caecis

396 2111 449 2154 In
475 2108 665 2155 tenebris
691 2122 868 2156 metunt
890 2130 900 2165 ;
937 2110 999 2156 sic
1024 2128 1103 2157 nos
1129 2109 1176 2155 in
1200 2108 1300 2154 luce
1325 2106 1537 2153 timemus
1953 2125 2014 2171 55

401 2201 651 2258 Interdum,
690 2201 831 2250 nihilo
856 2220 957 2268 quae
982 2215 1084 2250 sunt
1106 2202 1348 2249 metuenda
1373 2198 1529 2266 magis,
1568 2217 1705 2266 quam

328 2414 740 2449 uifflnhaetveandmuscularad
726 2415 931 2455 nimamdse
943 2415 1114 2453 anuclselfer
1099 2415 1154 2445 νε.ιί
1195 2412 1384 2443 seehdstoths
1372 2414 1590 2452 softesinsrmano
1579 2412 1909 2452 sqf’filkannddowff
1950 2411 2021 2439 Thi-

330 2463 357 2491 O
381 2464 417 2490 ho
402 2463 505 2501 olyinn
509 2466 628 2494 ocence!
664 2464 725 2492 bast
746 2465 815 2493 thou
836 2472 885 2493 not
906 2464 1070 2493 established
1090 2464 1155 2493 here
1195 2462 1370 2500 picturesque
1391 2462 1468 2490 deser
1457 2462 1556 2500 ription
1576 2461 1598 2489 is
1616 2471 1690 2489 εοιιει
1686 2461 1767 2490 istent
1781 2462 1848 2489 with
1869 2461 1917 2489 the
1938 2470 2021 2488 asser-

328 2511 418 2548 thyr
406 2512 477 2539 rural
504 2513 550 2540 thr
539 2523 612 2545 rone,
633 2511 659 2539 in
687 2512 762 2540 these
788 2519 893 2541 utmost
916 2513 967 2540 bor
969 2512 1028 2539 ders
1053 2511 1086 2540 of
1106 2511 1154 2539 the
1196 2511 1235 2538 tio
1219 2521 1267 2538 ons
1281 2510 1315 2538 of
1325 2520 1376 2538 our
1364 2517 1461 2538 rmost
1475 2520 1505 2539 cr
1493 2510 1548 2538 ried
1551 2509 1595 2538 hle
1608 2516 1666 2537 trav
1668 2509 1732 2537 eller
1720 2520 1754 2537 rs.
1796 2510 1858 2538 Our
1867 2519 1928 2537 own
1944 2519 1980 2546 po
1964 2514 2021 2540 oet,

327 2558 421 2591 north,
442 2559 468 2586 in
483 2560 537 2587 this
549 2566 621 2588 most
634 2560 725 2598 abject
739 2560 847 2588 climate
866 2560 900 2588 of
909 2561 957 2588 the
972 2559 1082 2588 world?
1102 2559 1155 2587 and
1196 2558 1288 2595 Dyer,
1315 2557 1462 2591 therefore,
1490 2558 1524 2591 is,
1551 2558 1577 2585 in
1605 2568 1678 2586 some
1705 2557 1738 2585 de
1726 2568 1815 2596 egree,
1835 2557 1970 2585 inconect
1995 2555 2022 2583 in

328 2605 384 2635 dost
410 2612 452 2634 not
470 2606 529 2635 thou
559 2606 616 2635 thus
633 2608 723 2646 prefer
743 2608 809 2636 these
830 2607 893 2637 rude
916 2607 973 2636 und
1003 2606 1159 2636 umbem-red
1195 2607 1332 2645 painting,
1353 2616 1381 2634 as
1404 2606 1439 2634 he
1463 2607 1512 2635 has
1535 2606 1606 2634 done
1625 2606 1651 2633 in
1677 2606 1724 2634 the
1749 2605 1807 2633 first
1829 2601 1906 2633 book
1928 2603 1961 2631 of
1981 2603 2023 2631 his
