2139 2906
215 199 298 237 450

741 194 826 236 DE
858 193 1083 236 RERUM
1116 193 1386 235 NATURA.
1440 195 1445 199 '

1716 193 1824 236 Lm.
1847 193 1932 236 ΙΙΙ.

286 323 445 387 Atque
471 321 570 369 aliei
596 340 762 381 sensus,
801 322 908 387 quei
932 321 1077 369 vitam
1101 338 1335 386 quomque
1359 320 1642 385 gubernant:

289 417 364 472 Et,
392 415 562 462 velutei
589 434 763 473 manus,
802 430 937 480 atque
963 415 1137 472 oculus,
1176 431 1374 471 naresve,
1413 431 1628 469 seorsum,

288 515 464 559 Secreta
488 512 543 558 ab
569 511 712 570 nobis,
752 525 986 576 nequeunt
1011 510 1187 567 sentire,
1227 528 1375 575 neque
1400 527 1522 556 esse:

1827 428 1927 474 550

288 609 417 653 Secta
442 605 612 653 etenim
638 606 683 653 in
710 623 852 671 parvo
877 605 1114 669 liquuntur
1139 617 1343 668 tempore
1368 603 1490 649 tabi:

288 701 360 748 Sic
385 700 560 747 animus
587 717 666 764 per
691 718 736 746 se
762 717 855 746 non
879 697 978 762 quit
1003 696 1097 743 sine
1123 714 1324 761 corpore,
1363 709 1408 744 et
1434 695 1533 761 ipso

292 795 403 841 Esse
428 792 628 849 homine,
668 791 786 838 illius
811 789 937 855 quasi
962 789 1088 855 quod
1114 807 1190 836 Vas
1216 806 1308 836 esse
1334 787 1528 847 videtur,

289 886 393 933 Sive
418 886 539 949 aliud
564 885 675 950 quid
700 885 767 931 vis
793 884 944 950 potius
969 882 1216 931 connexius
1241 882 1295 929 ei·

1829 898 1925 945 555

287 980 323 1024 F
327 977 507 1042 ingere3
546 974 920 1041 quandoquidem
947 992 1154 1021 connexu
1181 991 1344 1038 corpus
1369 973 1580 1021 adhaeret.

357 1070 586 1136 Denique,
626 1068 837 1135 corporiS,
877 1082 1012 1133 atque
1037 1067 1191 1121 animi,
1229 1067 1381 1114 vivata
1407 1081 1618 1133 potestas,

287 1169 410 1214 Inter
434 1184 478 1213 se
504 1166 763 1230 conjuncta,
804 1163 972 1220 valent,
1012 1162 1195 1227 vitaque
1221 1161 1461 1209 fruuntur:

287 1264 392 1309 Nec
417 1261 511 1309 sine
536 1278 722 1327 corpore
748 1258 871 1306 enim
897 1256 1071 1304 vitaleis
1097 1257 1227 1304 edere
1253 1270 1404 1304 motus

289 1357 391 1404 Sola
414 1369 563 1423 potest
588 1354 727 1402 animi
752 1371 831 1419 per
856 1371 901 1399 se
926 1365 1111 1408 natura3
1151 1369 1235 1398 nec
1260 1364 1429 1409 autem,

1827 1354 1927 1412 560

290 1456 484 1500 Cassum
509 1450 673 1506 anima,
713 1465 875 1513 corpus
901 1447 1074 1503 durare,
1113 1459 1158 1492 et
1183 1445 1383 1492 sensibus
1408 1445 1490 1492 uti.

290 1545 482 1602 Scilicet,
521 1543 699 1590 avolsus
725 1540 946 1588 radicibus
971 1554 1023 1586 ut
1049 1539 1207 1604 nequit
1234 1539 1375 1586 ullam

290 1640 524 1706 Dispicere
551 1638 645 1704 ipse
671 1636 829 1683 oculus
856 1653 952 1681 rem
977 1651 1176 1680 seorsum
1199 1651 1385 1698 corpore
1411 1646 1538 1689 tot03

291 1734 361 1780 Sic
387 1732 550 1789 anima,
590 1744 724 1794 atque
749 1727 941 1783 animus,
980 1743 1059 1790 per
1085 1742 1129 1771 se
1155 1723 1267 1771 nihil
1294 1742 1422 1789 posse
1448 1723 1658 1771 Videtur:

292 1828 541 1884 Nimirum,
581 1825 687 1891 quia
712 1842 792 1890 per
816 1840 954 1869 venas
981 1833 1025 1868 et
1050 1819 1221 1866 viscera
1244 1819 1437 1877 mixtim,

1824 1824 1920 1882 565

293 1923 375 1967 Per
400 1938 561 1967 nervos
587 1932 721 1982 atque
746 1933 856 1972 ossa,
895 1925 1104 1960 tenentur
1129 1930 1315 1977 corpore
1340 1912 1395 1959 ab
1421 1911 1545 1959 omni
1565 1931 1576 1958 :

293 2017 397 2061 Nec
424 2012 597 2077 magnis
625 2007 867 2058 intervallis
894 2005 1138 2072 primordia
1161 2019 1351 2070 possunt

294 2109 455 2156 Libera
480 2106 738 2159 dissultare3
776 2103 878 2150 ideo
903 2100 1116 2148 conclusa
1138 2114 1383 2148 moventur

266 2312 331 2340 Ver.
347 2318 413 2349 557.
444 2312 526 2342 Since,
550 2317 598 2342 too,
621 2307 662 2336 the
683 2305 754 2334 mind
766 2305 853 2343 forms
866 2311 932 2343 part
946 2305 979 2342 [gf
987 2315 1054 2336 man,

382 2362 436 2391 and
447 2361 539 2391 dwclls

344 2412 376 2440 In
391 2412 495 2449 onefixt
508 2409 668 2448 spot,——]
706 2407 784 2435 That
800 2415 890 2443 purer‚
912 2405 965 2432 and
980 2413 1056 2432 more

227 2461 422 2489 concentrated
436 2459 582 2488 collection
597 2458 630 2486 of
647 2458 696 2486 the
718 2455 788 2489 seul,
809 2455 857 2482 the
879 2453 1004 2481 fountain
1026 2452 1060 2481 of

225 2512 260 2540 all
275 2511 322 2539 the
336 2519 400 2543 rest,
415 2510 476 2538 that
490 2509 590 2537 resides
604 2509 630 2536 in
640 2508 687 2536 the
701 2506 779 2535 beart
790 2515 822 2533 or
835 2503 996 2541 praecordia,
1017 2513 1059 2536 or,

226 2561 376 2598 according
396 2566 426 2587 to
449 2560 496 2587 the
517 2559 655 2591 moderns,
676 2557 702 2585 in
724 2556 772 2584 the
798 2554 886 2587 brain,
908 2553 1059 2581 Lucretius

225 2610 412 2639 denominantes
426 2609 474 2637 the
489 2608 566 2641 mind,
587 2608 626 2645 by
641 2617 701 2644 way
716 2605 748 2634 of
767 2603 969 2643 pre-eminence
983 2614 991 2637 ς
1011 2602 1058 2630 be-

227 2659 345 2697 stowing
359 2658 407 2687 the
421 2666 499 2686 name
514 2655 546 2684 of
557 2655 614 2684 soul
626 2665 700 2684 more
719 2652 858 2692 generally
872 2661 908 2680 on
922 2652 970 2681 the
985 2651 1057 2681 radi-

1095 2304 1184 2332 ations
1207 2303 1278 2332 from
1302 2305 1358 2333 this
1382 2316 1506 2344 supreme
1531 2305 1669 2338 sountain,
1696 2314 1729 2332 or
1751 2304 1799 2332 the
1825 2304 1926 2333 diluter

1097 2354 1223 2382 sensorial
1238 2365 1332 2392 power
1345 2356 1407 2384 that
1422 2355 1505 2384 exists
1519 2355 1546 2382 in
1557 2354 1637 2382 other
1647 2360 1722 2391 parts
1736 2353 1770 2381 of
1780 2354 1828 2382 the
1839 2354 1925 2392 body.

1097 2403 1162 2431 The
1175 2411 1321 2442 argument
1337 2405 1483 2433 contained
1497 2404 1523 2431 iu
1538 2403 1592 2431 this
1606 2413 1721 2441 passage
1735 2402 1768 2430 of
1781 2413 1832 2431 our
1849 2410 1927 2441 poet,

1097 2453 1119 2481 is
1133 2454 1257 2492 brought
1278 2454 1350 2482 from
1366 2454 1504 2492 Epicurus
1518 2452 1636 2481 himself.
1680 2453 1709 2480 It
1723 2463 1821 2481 occurs
1844 2453 1871 2480 in
1885 2452 1928 2480 his

1100 2503 1197 2540 epistle
1224 2511 1254 2532 to
1272 2504 1446 2532 Herodotus.
1490 2508 1540 2529 Κοιι
1561 2515 1606 2538 μην
1627 2514 1652 2528 τε
1675 2509 1784 2538 λυομενου
1804 2513 1845 2528 του
1872 2508 1927 2529 ολου

1099 2553 1268 2589 αθρθῦσματθς,
1289 2565 1314 2580 ΤΕ
1328 2553 1404 2588 *Luxu
1418 2550 1571 2587 δίασπξρόταί
1585 2563 1627 2577 καί
1640 2562 1716 2577 mntem
1728 2561 1779 2585 ξχέὗ
1792 2561 1838 2579 τας
1850 2560 1929 2578 αντας

1099 2602 1216 2640 Rumpere,
1238 2602 1288 2631 ουέε
1311 2614 1417 2635 ›cavean-ou,
1438 2600 1464 2632 ὦς
1486 2613 1510 2628 τε
1535 2598 1581 2627 ουδ’
1595 2600 1704 2628 ansonem
1725 2610 1848 2627 κεκτη-ται.
1889 2601 1927 2624 Ου

1096 2664 1144 2689 ’γαρ
1158 2656 1201 2682 ὁιον
1215 2665 1240 2681 τε
1254 2664 1305 2680 rom
1319 2663 1378 2679 αυτο
1392 2650 1565 2686 αισθκνομενον,
1580 2661 1614 2686 μη
1629 2661 1647 2677 εν
1658 2660 1727 2677 τουτο
1740 2660 1772 2676 τω
1785 2657 1925 2683 συστήματι
