2139 2906
303 217 383 255 2238
835 213 920 256 DE
950 213 1176 258 RERUM
1208 213 1477 258 NATURA.
1822 215 1927 258 Lm.
1950 215 2008 258 ΙΙ.

445 343 673 399 Praeterea,
713 340 871 390 lumen
895 360 975 408 per
999 360 1190 391 cornum
1214 343 1367 391 transit
1387 364 1399 399 3
1449 354 1493 390 at
1518 341 1661 390 imber

376 435 639 502 Respuitur.
715 438 820 491 Qua
844 455 889 484 re
909 439 924 484 ?
964 436 1048 485 nisi
1074 436 1257 484 luminis
1282 437 1358 484 illa
1382 437 1557 485 minora

377 532 580 597 Corpora
605 544 722 589 sunt,
762 551 901 597 quam
927 533 983 580 de
1008 532 1171 597 quibus
1196 545 1262 579 est
1287 532 1435 597 liquor
1459 532 1603 580 almus
1629 549 1860 597 aquarum.
1912 549 2008 595 390

379 626 451 682 Et,
490 642 628 689 quam
653 625 721 672 vis
747 625 911 684 subito,
949 644 1029 691 per
1054 625 1209 673 colum
1234 624 1341 672 vina
1364 626 1573 673 videmus

379 718 630 775 Perfluere3
669 732 713 765 at
737 733 892 766 contra
917 719 1097 766 tardum
1123 732 1330 766 contatur
1355 719 1528 766 olivom
1551 738 1562 765 t

378 814 493 870 Aut,
532 813 638 878 quia
662 813 878 861 nimirum
904 813 1148 878 majoribus
1173 826 1239 860 est
1264 812 1511 870 elementis,

376 910 476 954 Aut
500 906 641 971 magis
667 906 854 954 hamatis
880 907 994 954 inter
1019 925 1079 963 se,
1118 925 1288 971 perque
1313 905 1515 971 plicatis;

378 1005 535 1066 Atque
561 1000 663 1048 ideo
689 1001 755 1059 fit,
794 1000 887 1048 utei
913 1019 1006 1048 non
1031 1014 1124 1049 tam
1150 1000 1333 1047 diducta
1357 1012 1542 1067 repente
1914 1020 2005 1064 395

380 1098 503 1143 Inter
528 1113 572 1142 se
597 1095 768 1160 possint
793 1094 1037 1160 primordia
1061 1094 1236 1160 singula
1257 1112 1449 1159 quaeque

379 1190 564 1256 Singula
586 1209 667 1256 per
690 1190 942 1255 quoiusque
969 1189 1187 1237 foramina
1211 1207 1486 1255 permanare.

448 1282 555 1327 Huc
580 1280 771 1338 adcedit‚
811 1279 904 1328 utei
930 1279 1075 1328 mellis
1101 1280 1316 1346 lactisque
1341 1281 1548 1347 liquores,

377 1373 589 1440 Jocundo
614 1391 743 1420 sensu
770 1373 950 1438 linguae,
991 1386 1236 1420 tractentur
1269 1373 1316 1421 in
1345 1392 1420 1420 ore
1442 1394 1453 1429 3

378 1471 445 1513 At
471 1480 624 1513 contra
648 1480 758 1513 tetra
782 1466 991 1513 absinthii
1016 1480 1172 1514 natura
1196 1466 1369 1531 ferique
1910 1485 2010 1528 400

383 1560 616 1609 Centaurii
642 1560 746 1607 fedo
772 1572 1066 1625 pertorquent
1090 1576 1166 1605 ora
1190 1577 1375 1624 sapore3

380 1656 446 1701 Ut
473 1652 602 1701 facile
627 1653 870 1719 adgnoscas
897 1671 920 1699 e
947 1652 1133 1699 laevibus
1159 1665 1293 1716 atque
1319 1652 1522 1700 rotundis

383 1748 491 1794 Esse
517 1764 581 1803 ea,
621 1765 722 1811 quae
747 1764 898 1793 sensus
916 1745 1118 1811 jocunde
1143 1757 1324 1809 tangere
1350 1758 1536 1810 possunt
1558 1764 1569 1792 ε

381 1843 448 1889 At
473 1854 641 1896 contra,
668 1859 768 1905 quae
794 1857 954 1896 amara,
981 1852 1116 1903 atque
1142 1856 1307 1903 aspera,
1335 1857 1568 1903 quomque
1593 1838 1817 1895 videntur,

384 1937 494 1982 Haee
522 1934 660 1999 magis
686 1934 873 1981 hamatis
900 1933 1013 1980 inter
1038 1951 1082 1980 se
1108 1951 1220 1980 nexa
1246 1932 1385 1979 teneri
1408 1953 1417 1988 ;
1909 1948 1974 1993 40
1981 1949 2006 1992 5

382 2032 711 2095 Proptereaque
737 2029 875 2076 solere
902 2027 994 2075 vias
1020 2028 1266 2076 rescindere
1296 2027 1452 2074 nostris

384 2123 606 2179 Sensibus,
646 2124 921 2188 introituque
948 2141 1029 2169 suo
1054 2140 1343 2187 perrumpere
1369 2140 1544 2187 corpus.

453 2216 623 2263 Omnia
645 2231 873 2282 postremo
897 2217 1016 2263 bona
1042 2215 1254 2272 sensibus,
1294 2229 1337 2262 et
1365 2215 1480 2262 mala
1506 2228 1641 2271 tactu,

385 2310 604 2357 Dissimili
631 2310 743 2358 inter
768 2330 812 2357 se
837 2324 1042 2376 pugnant
1068 2309 1265 2375 perfecta
1290 2309 1433 2374 figur&
1455 2327 1465 2355 ε

357 2535 424 2563 Ver.
441 2545 508 2572 404.
529 2535 582 2563 The
596 2535 762 2564 wormwood
778 2535 889 2573 straight
908 2534 1046 2567 convulsa,
1063 2534 1092 2571 by
1107 2532 1147 2561 the
1186 2532 1321 2561 imitation
1337 2531 1370 2559 of
1380 2531 1435 2559 this
1450 2529 1611 2570 passage-of
1624 2541 1673 2558 our
1694 2537 1770 2568 poet,
1785 2530 1876 2568 Virgil
1890 2531 1955 2558 thus
1969 2541 2015 2558 ex-

473 2589 562 2619 tongne
1186 2592 1289 2619 presses
1300 2579 1411 2608 himself
1418 2590 1425 2608 z

433 2630 581 2665 Abhorr'd,
596 2632 652 2660 and
660 2632 786 2670 wrilhing
800 2644 875 2670 every
889 2632 967 2671 :apid
978 2633 1084 2669 nerva]
1112 2632 1146 2660 In
