2139 2906
311 242 390 285 126
843 239 929 283 DE
961 237 1188 282 RERUM
1219 238 1489 284 NATURA.
1852 244 1958 289 Lm.
1979 246 2017 289 Ι.

376 368 557 418 Debeat
580 367 638 416 ad
661 366 858 417 nihilum
874 369 975 434 jam
999 386 1150 417 rerum
1174 387 1354 418 summa
1376 368 1558 428 revorti,

375 467 451 514 De
474 464 710 531 nihiloque
735 478 886 513 renata
910 464 1139 531 vigescere
1163 464 1296 531 copia
1324 482 1508 524 rerum3

375 559 588 612 Quorum
612 572 859 625 utrumque
883 558 996 625 quid
1020 577 1046 606 a
1070 576 1179 606 vero
1196 558 1295 623 jam
1320 557 1468 618 distet,
1507 556 1716 608 habebas.

374 653 572 713 Deinde,
599 654 779 702 inimica
805 654 952 703 modis
977 655 1133 704 multis
1159 667 1277 712 sunt,
1316 667 1452 720 atque
1476 672 1654 703 venena
1916 665 2016 723 760

377 752 498 816 Ipsa,
537 749 619 796 sibi
645 749 760 797 inter
785 768 830 798 se
851 771 862 807 3
900 749 994 816 qua
1016 768 1078 808 re,
1117 762 1195 796 aut
1220 767 1457 815 congressa
1478 748 1706 815 peribunt,

373 847 474 892 Aut
499 844 560 892 ita
584 844 839 910 diffugient,
866 856 919 892 ut
943 855 1210 910 tempestate
1234 843 1406 902 coacta,

374 937 586 986 Fulmina
610 937 845 1004 diffugere,
884 952 1020 1004 atque
1046 937 1243 997 imbreis,
1282 950 1550 1003 ventosque,
1590 936 1812 988 videmus.

441 1224 672 1289 Denique,
712 1235 907 1289 quatuor
931 1243 986 1272 ex
1011 1226 1143 1273 rebus
1168 1225 1204 1273 si
1229 1238 1394 1274 cuncta
1418 1237 1639 1286 creantur,

371 1321 530 1385 Atque
555 1318 602 1366 in
628 1336 699 1366 eas
724 1337 902 1368 rursum
926 1338 993 1367 res
1018 1320 1173 1369 omnia
1196 1320 1506 1369 dissoluuntur
1525 1340 1539 1369 z
1858 1331 1869 1337 “
1915 1324 2012 1384 765

372 1411 469 1467 Qui
494 1411 637 1477 magis
664 1411 740 1459 illa
763 1425 940 1477 queunt
964 1431 1115 1462 rerum
1140 1413 1386 1480 primordia
1410 1413 1515 1473 dici,

371 1508 527 1562 Quam
552 1518 709 1554 contra
733 1524 800 1554 res
825 1506 1022 1565 illorum,
1061 1520 1271 1574 retroque
1295 1508 1479 1575 putari?

369 1600 571 1649 Alternis
594 1599 847 1667 gignuntur
870 1601 1009 1660 enim,
1048 1615 1320 1668 mutantque
1345 1603 1560 1661 colorem,

369 1699 430 1744 Et
454 1709 598 1744 totam
623 1708 739 1744 inter
762 1714 809 1744 se
833 1710 1055 1755 naturam,
1095 1710 1301 1763 tempore
1325 1697 1381 1744 ab
1407 1696 1547 1746 omni.

369 1791 447 1839 Sin
472 1791 533 1839 ita
557 1790 671 1839 forte
698 1804 828 1858 putas
855 1791 970 1857 ignis
989 1804 1214 1857 terraeque
1243 1791 1362 1840 coire
1914 1806 2012 1854 770

366 1888 561 1953 Corpus,
598 1898 644 1933 et
669 1884 804 1933 aerias
831 1904 971 1944 auras,
1010 1904 1249 1952 roremque
1274 1885 1520 1952 liquorum,

369 1980 503 2029 Nihil
528 1984 576 2029 in
599 1980 794 2028 concilio
819 1993 1027 2029 naturam
1051 1993 1104 2028 ut
1130 1993 1276 2029 mutet
1300 1998 1489 2036 eorum;

369 2075 515 2124 Nulla
540 2074 623 2121 tibi
647 2092 703 2122 ex
727 2073 812 2121 illis
836 2074 1094 2141 poteritres
1119 2093 1213 2123 esse
1237 2087 1398 2133 creata,
1439 2108 1441 2110 -

371 2171 485 2217 Non
510 2167 726 2226 animans,
766 2186 860 2215 non
884 2168 1094 2217 exanimo
1118 2187 1228 2216 eum
1253 2186 1456 2235 corpore,
1494 2180 1546 2216 ut
1575 2153 1732 2217 arbos:

373 2260 562 2327 Quippe
587 2278 715 2308 suam
740 2260 943 2327 quidque
968 2262 1015 2309 in
1040 2275 1165 2310 coetu
1190 2261 1400 2309 variantis
1425 2261 1573 2310 acervi
1912 2276 2006 2324 775

372 2357 601 2403 Naturam
624 2353 856 2414 obtendet,
884 2354 1142 2421 mixtusque
1167 2354 1395 2404 videbitur
1419 2357 1492 2403 aer

345 2668 412 2698 Ver.
428 2668 495 2697 828.
732 2669 759 2697 in
771 2668 893 2698 alternate
898 2669 985 2708 fhrm,
1175 2667 1257 2697 Thus
1287 2666 1343 2696 Dr.
1371 2664 1499 2700 Darwin,
1526 2664 1595 2694 with
1627 2664 1707 2704 equa!
1733 2663 1862 2703 elegance
1887 2661 1942 2690 and
1963 2669 2008 2690 aco

421 2716 589 2757 Eachflows
602 2718 677 2756 srom
689 2718 761 2754 each,
782 2721 836 2748 διο.
918 2719 935 2758 ]
1176 2726 1279 2754 curacy
1291 2727 1300 2745 ι
