2139 2906
233 226 308 261 102
769 216 855 258 DE
887 213 1115 258 RERUM
1150 211 1419 255 NATURA.

375 349 488 393 Sunt
514 344 651 410 igitur
675 342 820 391 solida
843 340 1087 408 primordia
1112 339 1412 406 simplicitate,

302 445 418 496 Quae
443 438 658 487 minumis
688 437 846 504 stipata
871 436 1097 484 cohaerent
1121 435 1320 502 partibus
1345 446 1466 491 arte;

302 537 417 582 Non
442 553 496 581 ex
522 533 705 580 illorum
732 544 963 578 conventu
991 529 1242 587 conciliata,

299 630 391 694 §ed
417 614 557 693 magis
584 625 748 674 aeterna
773 624 991 691 pollentia
1016 622 1302 689 simplicitate
1323 642 1335 670 t

306 725 444 772 Unde
470 741 618 787 neque
645 720 779 768 avelli
806 719 1073 785 quidquam,
1112 736 1196 765 nec
1221 716 1415 764 diminui
1432 717 1546 782 jam,

307 817 532 867 Concedit
557 829 728 874 natura,
768 831 995 862 reservans
1021 812 1195 860 semina
1217 811 1364 859 rebus.

379 1013 607 1066 Praeterea,
647 1005 730 1054 nisi
756 1004 838 1052 erit
862 1002 1139 1059 minumum,
1179 999 1441 1066 parvissima
1469 1018 1662 1065 quaeque

311 1112 516 1172 Corpora
540 1101 810 1151 constabunt
835 1117 890 1146 ex
915 1096 1114 1164 partibus
1141 1094 1327 1142 infinitis
1350 1113 1361 1141 ε

310 1199 512 1264 Quippe,
552 1195 630 1244 ubi
655 1191 853 1241 dimidiae
877 1189 1013 1256 partis
1039 1207 1138 1254 pars
1172 1205 1349 1253 semper
1375 1186 1558 1234 habebit

309 1292 563 1342 Dimidiam
588 1301 762 1355 partem
785 1306 797 1342 3
836 1303 919 1334 nec
946 1301 1011 1331 res
1038 1281 1262 1349 praefiniet
1286 1281 1394 1328 ulla.

309 1392 431 1453 Ergo
457 1402 606 1432 rerum
631 1382 745 1429 inter
770 1396 1012 1435 summam,
1052 1376 1413 1440 minumamque,
1452 1374 1565 1439 quid
1589 1374 1698 1422 escit
1720 1377 1736 1422 ?

309 1481 443 1531 Nihil
469 1479 564 1536 erit,
603 1490 655 1523 ut
680 1475 841 1522 distet:
881 1491 1002 1530 nam,
1042 1489 1180 1537 quam
1205 1469 1273 1516 vis
1300 1468 1503 1517 funditus
1529 1468 1675 1516 omnis

311 1580 500 1624 Summa
524 1572 577 1619 sit
603 1568 794 1625 infinita,
833 1579 1000 1621 tamen,
1040 1561 1302 1629 parvissima
1326 1580 1428 1626 quae
1453 1575 1571 1619 sunt,

310 1674 380 1718 Ex
406 1665 591 1716 infinitis
616 1662 886 1711 constabunt
911 1658 1111 1725 partibus
1137 1674 1279 1721 aeque.

311 1763 466 1819 Quod,
505 1757 723 1826 quoniam
747 1753 858 1802 ratio
883 1752 1095 1800 reclamat
1119 1768 1238 1808 vera,
1277 1762 1503 1814 negatque

312 1857 504 1905 Credere
529 1871 658 1919 posse
684 1850 904 1906 animum,
942 1847 1090 1894 victus
1115 1845 1279 1892 fateare
1304 1863 1484 1893 necesse
1509 1858 1589 1903 est,

312 1956 419 2000 Esse
444 1969 510 2008 ea,
547 1967 649 2013 quae
675 1944 809 1994 nullis
826 1946 925 2009 jam
950 1940 1135 2008 praedita
1159 1940 1358 2006 partibus
1383 1953 1571 1996 exstent,

312 2049 372 2093 Et
397 2042 606 2093 minuma
629 2053 835 2088 constent
860 2035 1046 2085 natura:
1084 2053 1186 2099 quae
1210 2032 1428 2098 quoniam
1453 2046 1571 2090 sunt,

312 2137 395 2184 Illa
420 2153 603 2202 quoque
629 2151 721 2180 esse
746 2131 827 2178 tibi
853 2129 1008 2186 solida,
1048 2141 1184 2192 atque
1209 2140 1372 2173 aetema
1396 2127 1646 2174 fatendum.

382 2229 610 2294 Denique,
650 2226 697 2274 ni
723 2225 947 2272 minumas
973 2222 1020 2269 in
1044 2220 1205 2287 parteis
1231 2235 1395 2268 cuncta
1418 2221 1580 2269 resolvi

313 2328 488 2388 Cogere
514 2332 769 2368 consuesset
792 2334 942 2364 rerum
966 2327 1122 2362 natura
1146 2313 1346 2372 creatrix,

313 2421 420 2484 Jam
445 2415 557 2463 nihil
583 2433 637 2461 ex
664 2412 748 2459 illis
773 2410 933 2459 eadem
957 2424 1156 2474 reparare
1181 2406 1378 2454 valeret:

315 2512 566 2573 Propterea,
606 2505 725 2572 quia,
764 2522 865 2569 quae
890 2500 1025 2550 nullis
1055 2514 1158 2547 sunt
1182 2499 1381 2565 partibus
1407 2514 1549 2559 aucta,

314 2604 427 2649 Non
455 2612 641 2665 possunt
665 2617 718 2646 ea
741 2615 842 2663 quae
868 2595 1002 2643 debet
1027 2592 1231 2659 genitalis
1256 2592 1419 2641 habere

1779 210 1884 253 Lm.
1907 211 1941 253 I.

1847 530 1941 588 605

1849 1100 1948 1146 610

1846 1566 1942 1624 615

1847 2037 1904 2083 62
1915 2051 1945 2082 o

1845 2504 1939 2561 625
