2139 2906
255 237 311 282 56
782 235 869 278 DE
901 233 1127 277 RERUM
1159 232 1427 275 NATURA.
1800 228 1905 271 Lm.
1928 228 1962 269 Ι.

329 364 500 413 Omnia
524 362 647 412 enim
672 363 822 421 debet,
861 362 1038 412 mortali
1063 380 1249 429 corpore
1273 380 1374 427 quae
1400 372 1517 417 sunt,

327 457 514 507 Infinita
538 471 639 505 aetas
664 476 935 523 consumpse
960 470 1062 504 ante
1088 470 1199 514 acta,
1238 438 1437 520 diesque.

330 554 486 611 Quod,
525 552 559 600 si
586 552 631 599 in
657 570 712 600 eo
736 551 880 618 spatio
905 566 1040 617 atque
1065 566 1167 598 ante
1193 550 1292 598 acta
1317 563 1443 597 aetate
1470 548 1609 605 fuere,
1870 564 1962 611 235

332 649 375 695 E
400 646 563 713 quibus
590 646 685 693 haec
711 663 860 692 rerum
885 644 1085 692 consistit
1110 662 1289 692 summa
1312 643 1504 699 refecta;

331 740 566 789 Inmortali
592 753 695 787 sunt
719 739 878 786 natura
901 739 1087 804 praedita
1111 752 1229 785 certe
1250 757 1261 784 ε

334 836 473 884 Haud
497 834 632 901 igitur
657 846 845 900 possunt
869 832 926 878 ad
951 831 1146 879 nihilum
1171 849 1365 897 quaeque
1390 830 1569 878 revorti.

404 930 633 995 Denique,
672 946 737 975 res
763 927 935 975 omneis
960 928 1120 974 eadem
1144 927 1212 974 vis
1238 943 1479 990 caussaque
1506 924 1646 990 volgo

335 1023 608 1080 Conficeret,
647 1021 730 1069 nisi
755 1020 960 1069 materies
986 1034 1150 1068 aeterna
1173 1032 1345 1067 teneret
1872 1035 1968 1077 240

338 1122 461 1166 Inter
485 1135 529 1164 se
555 1134 689 1174 nexu,
728 1115 877 1162 minus
903 1128 980 1162 aut
1005 1114 1147 1180 magis
1172 1112 1464 1179 indupedita;

336 1216 508 1261 Tactus
533 1210 656 1258 enim
681 1210 759 1256 leti
785 1209 886 1255 satis
911 1222 1024 1256 esset
1049 1226 1201 1255 caussa
1225 1207 1431 1273 profecto
1452 1227 1463 1263 3

338 1305 540 1370 Quippe,
579 1303 657 1350 ubi
682 1302 808 1350 nulla
832 1302 979 1349 forent
1004 1315 1170 1349 aeterno
1195 1319 1382 1366 corpore
1404 1321 1415 1357 ς
1453 1317 1649 1365 quorum

341 1404 625 1449 Contextum
650 1397 718 1444 vis
744 1397 927 1465 deberet
952 1396 1193 1443 dissolvere
1218 1413 1426 1461 quaeque.

339 1495 408 1542 At
432 1511 569 1549 nune,
609 1491 723 1538 inter
748 1509 792 1538 se
817 1490 924 1555 quia
947 1509 1087 1537 nexus
1113 1489 1440 1554 principiorum
1876 1508 1938 1550 24
1943 1507 1968 1552 5

340 1586 591 1634 Dissimiles
617 1597 837 1642 constant,
876 1597 1129 1648 aeternaque
1155 1582 1358 1630 materies
1384 1596 1464 1640 est,

342 1678 567 1728 Incolomi
592 1691 825 1726 remanent
851 1695 917 1724 res
943 1695 1144 1742 corpore,
1184 1677 1297 1723 dum
1322 1676 1421 1723 satis
1448 1677 1555 1724 acris

341 1772 425 1821 Vis
451 1772 582 1819 obeat
604 1791 687 1838 pro
713 1770 889 1819 textura
913 1769 1167 1835 quoiusque
1192 1783 1378 1835 reperta.

343 1867 483 1915 Haud
509 1866 645 1932 igitur
669 1866 782 1913 redit
807 1866 863 1911 ad
888 1864 1083 1911 nihilum
1108 1883 1174 1911 res
1200 1865 1307 1923 ulla,
1347 1864 1424 1912 sed
1448 1882 1604 1912 omnes

345 1962 548 2010 Discidio
574 1963 763 2009 redeunt
788 1961 833 2008 in
859 1978 1045 2026 corpore
1070 1960 1289 2007 materia'l'.
1329 2021 1334 2024 .
1884 1977 1904 1993 ⁶
1914 1976 1977 2021 50

322 2406 388 2433 Ver.
405 2406 470 2433 266.
496 2403 704 2440 —ever-during
717 2403 801 2439 time‚]
845 2405 864 2419 “
881 2402 993 2430 Infinita
1015 2401 1113 2429 aetas.”

1507 2410 1598 2429 stenes
1612 2398 1787 2438 throughout

285 2453 481 2490 Ever-during‚
502 2452 616 2485 infinite,
638 2451 741 2480 eternal
755 2451 830 2484 time,
852 2461 897 2478 are
911 2451 1022 2489 phrases
1036 2448 1113 2477 often
1233 2450 1344 2479 ’Twere
1359 2450 1418 2478 vain
1433 2451 1455 2478 t’
1471 2457 1571 2488 expect
1583 2449 1652 2477 from
1664 2445 1815 2476 all-eterna!
1828 2446 1903 2474 time.

283 2502 405 2539 adopted
425 2503 461 2538 by
477 2512 528 2529 our
542 2509 618 2539 poet,
640 2508 670 2529 to
685 2511 795 2538 express
816 2511 830 2528 a
852 2501 949 2538 period
973 2500 1035 2527 that
1057 2508 1114 2526 sur-

284 2561 374 2590 passes
389 2551 624 2586 comprehension.
666 2550 759 2582 Thus,
775 2550 893 2578 without
905 2550 992 2587 going
1003 2547 1114 2586 beyond

284 2601 332 2629 the
346 2608 455 2637 present
471 2598 557 2631 book,
579 2609 620 2626 we
641 2605 723 2631 meet,
745 2599 771 2626 in
787 2609 859 2626 verse
875 2607 931 2636 559
950 2597 983 2625 of
1001 2598 1049 2625 the
1063 2596 1117 2624 ori-
1196 2592 1224 2620 It
1239 2591 1260 2619 is
1275 2603 1290 2620 a
1304 2591 1491 2630 phraseology
1511 2591 1571 2618 that
1590 2590 1639 2618 has
1662 2590 1731 2617 been
1750 2587 1885 2620 imitated,
1905 2597 1937 2614 or
1956 2593 1984 2613 at

1195 2520 1276 2549 Thus
1290 2528 1339 2549 too
1354 2520 1507 2549 Marchetti
1521 2531 1528 2548 ι
1557 2524 1576 2538 “
1592 2519 1680 2557 Dopo
1695 2528 1730 2545 un
1746 2525 1840 2545 eterno
1854 2516 1982 2553 tempo.”

286 2649 370 2688 ginal,
392 2648 460 2675 with
483 2648 534 2675 dies
556 2648 665 2685 irfinim,
689 2648 742 2675 and
767 2648 874 2686 shortly
898 2647 1068 2680 afterwards,
1089 2646 1116 2674 in
1155 2643 1222 2671 least
1236 2642 1369 2680 adopted,
1389 2641 1424 2678 by
1442 2650 1523 2678 many
1544 2639 1577 2667 of
1597 2650 1648 2667 our
1669 2648 1732 2666 own
1749 2644 1838 2675 poets.
1881 2634 1986 2663 Glover

286 2708 359 2726 verse
384 2698 450 2734 634,
473 2696 540 2723 with
565 2708 595 2723 ex
616 2703 697 2723 eterno
718 2703 844 2734 tempore·,
866 2697 920 2724 and
935 2707 976 2730 so,
997 2697 1024 2724 in
1045 2705 1119 2724 verse
1157 2691 1179 2719 is
1203 2689 1380 2728 particularly
1399 2689 1530 2717 attached
1550 2695 1580 2716 to
1601 2688 1633 2716 it.
1674 2687 1756 2715 Thus
1777 2686 1802 2714 in
1823 2682 1900 2713 book
1915 2694 1940 2711 v.
1958 2681 1991 2709 of

290 2756 300 2775 1
310 2746 363 2774 126
378 2744 411 2773 of
421 2745 469 2773 the
483 2744 642 2772 translation
656 2755 663 2772 ε
1158 2741 1200 2770 his
1216 2741 1355 2769 Leonidas
1368 2751 1375 2767 :
1668 2731 1670 2734 ¹
