2139 2906
255 182 336 221 510
777 180 862 223 DE
894 179 1119 225 RERUM
1150 180 1418 225 NATURA.
1739 184 1845 227 Lm.
1866 186 1949 229 111.

327 314 356 336 “
382 306 458 354 Sin
483 324 549 365 ea,
587 325 688 374 quae
713 308 884 356 fructus
908 328 1142 377 quomque
1166 328 1227 369 eS,
1265 310 1434 377 periere
1458 309 1668 377 profusa3

327 408 356 430 “
382 400 581 467 Vitaque
607 401 653 450 in
678 402 866 450 obfenso
890 416 985 461 est3
1021 422 1140 469 quur
1163 403 1357 471 amplius
1381 405 1542 453 addere
1567 403 1740 469 quaeris,

326 501 356 523 “
382 498 584 543 Rursum
608 496 733 561 quod
756 510 921 562 pereat,
960 496 1082 554 mali,
1120 510 1166 543 et
1190 496 1417 561 ingratum
1440 497 1620 546 obcidat
1645 501 1815 546 omne?
1852 516 1947 562 955

326 595 356 617 “
381 590 493 636 Non
519 589 669 654 potius
695 589 799 636 vitae
824 589 966 636 finem
983 588 1110 653 jacis,
1148 602 1283 653 atque
1308 589 1501 638 laboris?

325 690 355 712 “
380 685 521 740 Nam,
560 683 639 729 tibi
664 697 875 749 praeterea
899 684 1023 748 quod
1048 683 1278 730 machiner
1302 683 1637 751 inveniamque,

326 784 355 805 “
381 777 519 830 Quod
546 776 734 842 placeat,
773 776 885 823 nihil
911 790 1004 824 est:
1043 777 1203 824 eadem
1227 791 1331 825 sunt
1356 778 1508 825 omnia
1532 795 1722 845 semper.

323 877 352 898 “
379 868 423 915 Si
447 869 527 916 tibi
553 888 645 917 non
671 869 796 917 annis
821 888 982 936 corpus
1000 871 1097 935 jam
1123 885 1305 930 marcet,
1343 885 1388 919 et
1413 886 1529 920 artus

323 968 352 989 “
378 960 614 1008 Confectei
648 962 891 1027 languent3
930 962 1088 1010 eadem
1114 976 1266 1010 tamen
1291 964 1444 1011 omnia
1468 979 1645 1025 restant,
1849 972 1946 1030 960

323 1062 352 1084 ‘⁶
377 1055 546 1102 Omnia
570 1055 603 1102 si
629 1073 786 1120 perges
812 1056 1012 1104 vivendo
1036 1056 1216 1104 vincere
1250 1057 1392 1113 secla;

322 1156 350 1176 ‘⁶
376 1152 534 1214 Atque
559 1149 695 1196 etiam
718 1150 884 1215 potius,
924 1151 958 1198 si
984 1170 1236 1216 numquam
1262 1152 1316 1199 sis
1343 1152 1582 1201 moriturus
1600 1153 1720 1201 :⁹⁹—

318 1241 444 1296 Quid
469 1244 806 1309 respondemuS,
847 1245 930 1292 nisi
946 1247 1118 1310 justam
1144 1245 1374 1293 intendere
1399 1245 1527 1294 litem

320 1340 561 1397 Naturam,
600 1353 644 1387 et
670 1358 822 1388 veram
849 1340 994 1389 verbis
1019 1358 1244 1407 exponere
1269 1359 1467 1388 caussam
1491 1343 1506 1387 ?

389 1529 469 1582 At,
509 1526 587 1590 qui
612 1527 789 1575 obitum
815 1528 1083 1575 lamentetur
1108 1526 1241 1574 miser
1264 1527 1457 1591 amplius
1483 1546 1627 1592 aequo,
1851 1534 1946 1592 965

319 1622 435 1666 Non
461 1620 621 1669 merito
647 1620 858 1669 inclamet
883 1622 1040 1687 magis,
1079 1634 1123 1668 et
1147 1637 1261 1668 voce
1287 1620 1487 1685 increpet
1511 1620 1632 1668 acri?

321 1721 350 1743 ‘⁶
374 1714 536 1773 Aufer,
576 1715 630 1762 ab
657 1714 776 1773 hinc,
815 1715 1047 1771 lacrumas,
1087 1714 1312 1772 Barathre‚
1347 1727 1392 1761 et
1416 1732 1637 1779 conpesce
1661 1713 1911 1779 querelas.''

317 1807 540 1855 Grandior
564 1808 663 1856 heic
689 1826 797 1856 vero
823 1809 857 1856 si
874 1810 987 1873 jam,
1027 1808 1277 1873 seniorque,
1316 1823 1559 1873 queratur:

320 1908 349 1930 “
375 1901 544 1949 Omnia
567 1902 829 1967 perfunctus
854 1903 968 1950 vita'i‘
992 1902 1188 1969 praemia,
1227 1921 1396 1950 marces
1417 1923 1428 1958 ;

321 2003 349 2024 “
375 1996 476 2052 Sed,
514 1996 619 2061 quia
644 2015 819 2063 semper
842 2016 961 2056 aves,
999 1997 1124 2062 quod
1149 1997 1286 2054 abest,
1323 1996 1555 2061 praesentia
1579 1995 1755 2053 temnis,
1845 2015 1945 2061 970

287 2213 355 2243 Ver.
370 2222 439 2251 979.
481 2216 542 2235 —“
557 2212 640 2251 things
645 2214 697 2251 for
709 2224 771 2241 ever
783 2212 866 2251 things
879 2212 982 2240 succeed
1155 2211 1248 2240 When
1263 2210 1309 2240 life
1323 2211 1375 2239 but
1389 2217 1475 2240 teems
1488 2212 1556 2240 with
1575 2212 1740 2241 unremitted
1755 2222 1828 2240 woes

366 2266 386 2281 “
405 2261 667 2300 Unchang'd,——and
682 2262 775 2289 would
789 2261 832 2295 do,
852 2261 946 2299 though
971 2260 1076 2289 revolv-
1157 2257 1220 2286 ’Tis
1234 2269 1304 2296 poor
1318 2259 1344 2287 in
1359 2269 1420 2287 man
1436 2265 1466 2287 to
1481 2259 1548 2287 wish
1562 2270 1578 2288 a
1596 2260 1693 2298 longer
1705 2260 1787 2288 date:

442 2314 486 2350 ing
494 2324 582 2350 years,
605 2312 677 2349 &c.]
700 2312 747 2340 To
761 2312 809 2340 the
824 2322 895 2340 same
910 2310 1002 2345 effect,
1025 2311 1076 2340 So·
1157 2307 1213 2335 For
1227 2308 1302 2336 what
1316 2318 1366 2337 can
1382 2309 1436 2346 day
1450 2318 1485 2336 on
1500 2309 1566 2346 day,
1587 2309 1640 2337 und
1653 2319 1718 2346 year
1731 2319 1766 2336 on
1781 2318 1855 2346 year,

249 2361 361 2399 phoebes
374 2373 381 2390 z
1156 2358 1213 2387 But
1227 2366 1280 2397 put
1293 2359 1335 2388 ofl'
1343 2358 1500 2388 wish'd-for
1513 2359 1607 2394 death,
1629 2360 1683 2388 and
1696 2359 1827 2398 lengthen
1842 2358 1905 2397 pain
1919 2359 1929 2386 ?

325 2438 371 2460 A»-
406 2446 426 2460 ον
458 2446 475 2460 α
502 2430 545 2460 ανδ
558 2445 624 2460 ατου
660 2445 691 2459 mn
705 2445 730 2459 ου
791 2432 833 2471 ζειν
845 2431 898 2460 Creu
1761 2410 1943 2439 FRANKMN·

364 2446 404 2469 ,xp
440 2446 457 2468 Ύ
478 2446 488 2470 ρ
546 2446 555 2469 p
638 2447 657 2469 ,u
694 2445 703 2469 ρ
741 2445 790 2469 χρη
900 2452 908 2466 ’
1154 2470 1221 2499 Ver.
1238 2481 1304 2509 99²·
1327 2476 1347 2490 ‘⁴
1365 2471 1467 2500 that!
1486 2470 1546 2500 thou
1560 2470 1651 2499 lanient
1663 2473 1678 2499 ,Ρ
1691 2470 1796 2508 already
1808 2468 1870 2498 who
1883 2468 1941 2498 hast

325 2535 356 2557 Ta
367 2542 413 2567 γαρ
428 2532 484 2565 παρ)
498 2543 561 2567 ημοιρ
576 2530 651 2567 ἥμεροι
664 2543 752 2567 τςρπειν
764 2544 825 2567 εχει,
1370 2519 1465 2559 ''cap'd

324 2576 457 2613 Προςῧυσα
466 2577 596 2605 κανκθεισα,
608 2590 648 2605 του
659 2590 685 2612 ’γε
701 2578 832 2607 κατθανειν.
848 2577 951 2612 ΑῙΔΧ,
974 2576 1075 2606 FLAG.
1233 2573 1251 2587 “
1266 2569 1311 2598 ΛΠ
1325 2569 1404 2608 ample
1417 2567 1521 2598 harven
1533 2572 1547 2597 ρ

326 2486 442 2508 Κακοισιν
458 2483 522 2512 ὅστις
536 2479 605 2517 μηδεν
625 2481 819 2514 effernace-was.

1628 2570 1643 2607 ]
1678 2568 1708 2597 1f
1725 2579 1759 2598 an
1779 2569 1941 2605 interpreter
