2139 2906
280 196 361 236 ‘254
812 195 898 238 DE
929 195 1155 239 RERUM
1187 195 1455 240 NATURA.
1796 195 1901 239 Lm.
1924 197 1984 239 11.

351 322 570 385 Namque
595 319 690 367 aliis
715 319 838 368 aliud
861 323 1139 388 praestantius
1164 335 1431 372 exoreretur.

421 414 594 461 Cedere
620 414 731 461 item
755 427 872 462 retro
897 428 1079 481 possent
1104 416 1150 464 in
1175 416 1413 464 deteriores

351 509 521 556 Omnia
545 509 606 556 sic
632 509 808 575 parteiS,
846 524 897 557 ut
922 510 1116 558 diximus
1142 511 1188 558 in
1213 510 1418 558 meliores
1439 530 1449 557 :

352 605 572 668 Namque
597 603 691 650 aliis
716 604 839 651 aliud
864 618 980 651 retro
1005 621 1190 669 quoque
1215 603 1368 651 tetrius
1393 616 1505 651 esset

352 697 567 755 Naribus,
594 697 788 755 auribus,
826 711 961 762 atque
987 698 1143 756 oculis,
1182 698 1359 762 orisque
1384 698 1542 763 sapori.
1886 714 1985 760 510

354 790 471 841 Quae
495 790 712 854 quoniam
738 808 830 837 non
855 803 974 848 sunt,
1012 790 1123 855 quin
1149 791 1279 837 rebus
1304 790 1476 837 reddita
1499 803 1617 837 certa

355 881 476 928 Finis
502 883 730 948 utrimque
756 897 879 930 tenet
905 902 1160 940 summam;
1199 883 1360 931 fateare
1387 902 1564 932 necesse
1588 897 1667 942 est,

355 975 595 1022 Materiam
621 995 805 1042 quoque
830 977 968 1024 finitis
993 977 1170 1024 differre
1194 976 1364 1042 figuris·

426 1068 655 1134 Denique,
682 1070 737 1116 ab
764 1069 942 1134 ignibus
967 1070 1023 1116 ad
1047 1069 1215 1134 gelidas
1240 1069 1492 1134 hiemisque
1516 1071 1702 1137 pruinas¹

357 1163 393 1208 F
396 1160 559 1209 initum
585 1175 664 1220 est,
705 1176 911 1228 retroque
937 1162 1032 1228 pari
1056 1163 1226 1210 ratione
1252 1181 1510 1210 remensum
1535 1177 1615 1212 est.
1889 1181 1914 1225 5
1929 1182 1983 1227 15

357 1254 520 1301 Omnis
545 1254 684 1313 enim,
723 1255 841 1302 calor
866 1274 916 1302 ac
943 1255 1111 1321 frigus:
1150 1255 1407 1320 medieique
1431 1269 1606 1322 tepores

356 1349 479 1394 Inter
503 1361 712 1412 utrasque
729 1348 899 1412 jacent,
938 1347 1169 1413 explentes
1194 1347 1349 1395 ordine
1374 1366 1614 1396 summam.

357 1442 481 1506 Ergo
507 1442 635 1489 finit-21
659 1442 823 1489 distant
848 1441 1018 1489 ratione
1044 1454 1217 1488 creata:

357 1533 567 1599 Ancipiti
593 1534 810 1600 quoniam
835 1533 1041 1581 mucroni
1066 1534 1295 1599 utrimque
1327 1547 1539 1581 notantur
1560 1554 1572 1589 3

358 1626 481 1674 Hinc
507 1628 717 1686 flammis,
756 1628 880 1675 illinc
906 1627 1056 1693 rigidis
1081 1628 1243 1675 insessa
1266 1627 1452 1693 pruinis,
1889 1647 1988 1692 520

431 1723 573 1776 Quod
597 1723 814 1788 quoniam
839 1723 989 1781 docui,
1023 1739 1212 1788 pergam
1237 1736 1502 1770 connectere
1528 1740 1638 1779 rem,
1665 1740 1780 1787 quae,

361 1817 430 1861 Ex
455 1815 541 1862 hoc
566 1829 684 1881 apta,
723 1815 864 1863 fidem
890 1816 1024 1862 ducat
1045 1834 1056 1861 ε
1095 1815 1339 1881 primordia
1362 1834 1526 1874 rerum,

363 1907 485 1951 Inter
510 1923 554 1952 se
580 1906 713 1952 simili
738 1925 839 1971 quae
864 1919 968 1953 sunt
990 1905 1188 1971 perfecta
1212 1905 1371 1970 figura,

363 1999 548 2045 Infinita
573 2000 721 2047 cluere
743 2019 754 2047 ε
792 2014 837 2047 et
862 1999 1000 2055 enim,
1040 1998 1246 2046 distantia
1271 2018 1412 2064 quom
1437 2000 1491 2046 sit

364 2094 629 2140 Formarum
654 2093 796 2150 finita,
835 2109 1013 2140 necesse
1038 2105 1117 2149 est,
1157 2110 1257 2156 quae
1283 2091 1446 2139 similes
1474 2091 1573 2150 sint,
1894 2111 1919 2155 5

1932 2112 1953 2142 10

1963 2112 1989 2156 υι

364 2186 471 2233 Esse
497 2186 694 2234 infinitas
718 2207 727 2243 ;
766 2201 841 2233 aut
867 2204 1093 2233 summam
1119 2185 1322 2232 materiai

336 2412 402 2440 Ver.
417 2414 486 2450 526.
516 2414 573 2441 Bne
596 2412 668 2441 mark
682 2413 732 2441 this
756 2412 837 2446 trud),
864 2424 881 2441 a
909 2412 980 2441 {ruth
1001 2411 1132 2440 connected
1169 2411 1232 2440 Our
1255 2418 1322 2449 poet
1343 2412 1401 2443 has,
1426 2410 1530 2444 before,
1552 2410 1699 2452 uniformlg
1721 2411 1850 2443 asserted,
1871 2409 1933 2438 that
1948 2409 1995 2437 the

452 2462 543 2500 close‚]
558 2463 691 2491 Another
704 2463 796 2491 axiom
810 2462 843 2490 of
854 2463 901 2490 the
916 2462 1082 2499 philosophy
1098 2459 1132 2489 of
1167 2466 1256 2489 atoms
1270 2467 1299 2489 at
1316 2460 1393 2498 large
1409 2470 1455 2488 are
1475 2451 1679 2488 innumerable‘:
1702 2460 1799 2493 either,
1819 2460 1896 2492 then,
1917 2458 1996 2487 those

298 2508 449 2546 Epicurus,
469 2511 492 2538 is
512 2512 575 2540 here
594 2513 733 2540 advanced
753 2512 780 2540 in
802 2512 837 2539 its
851 2521 946 2539 course
959 2521 967 2539 ε
989 2510 1081 2538 which
1096 2509 1128 2543 is,
1168 2509 1201 2537 of
1212 2520 1292 2547 every
1306 2509 1425 2547 existing
1439 2508 1527 2547 figure
1541 2516 1614 2537 must
1628 2510 1662 2538 be
1677 2509 1784 2547 equally
1801 2507 1995 2540 innumerable,

296 2558 359 2586 that
373 2559 509 2596 although
525 2561 572 2588 the
587 2560 671 2589 forms
686 2561 719 2589 of
729 2561 825 2599 primal
839 2568 929 2589 atoms
942 2561 976 2589 be
998 2566 1047 2588 not
1067 2559 1128 2587 infi-
1168 2570 1199 2588 or
1212 2559 1296 2589 those
1305 2559 1340 2588 of
1349 2569 1422 2587 some
1435 2558 1537 2596 figures
1549 2566 1623 2586 must
1633 2559 1667 2587 be
1681 2569 1756 2588 more
1771 2568 1915 2587 numerous
1929 2557 1995 2585 than

298 2606 366 2640 nite,
387 2614 433 2644 yet
457 2607 504 2635 the
528 2615 618 2636 atoms
639 2608 672 2638 of
691 2619 768 2646 every
787 2608 906 2647 existiug
928 2608 1000 2638 form
1021 2619 1064 2638 are
1085 2619 1127 2638 so.
1168 2609 1248 2637 those
1263 2608 1407 2638 ofothers.
1451 2607 1508 2636 Eut
1523 2617 1552 2636 ae
1565 2607 1586 2636 it
1601 2607 1623 2635 is
1638 2607 1744 2636 natural
1758 2615 1787 2635 to
1802 2615 1920 2644 suppose
1935 2604 1994 2632 that

758 2677 772 2704 7
