2139 2906
270 231 322 273 92

791 222 878 265 DE
908 221 1136 265 RERUM
1167 221 1439 265 NATURA.
1810 222 1916 266 Lm.
1940 222 1976 265 1.

347 351 745 402 Conlabefactatus
771 349 890 416 rigor
913 348 1009 398 auri
1033 348 1223 397 solvitur
1247 360 1356 396 aestu

342 449 469 494 Tum
494 445 657 512 glacies
683 444 792 503 aeris‚
831 442 1020 493 flamma
1043 441 1236 500 devicta,
1275 440 1509 506 liquescit:

343 543 581 589 Permanat
605 540 724 588 calor
748 552 1001 605 argentum,
1041 535 1360 603 penetraleque
1386 535 1525 601 frigus
1546 555 1558 592 ;
1878 554 1942 600 49
1948 554 1976 601 5

342 637 542 693 Quando
567 650 817 701 utrumque
843 651 998 691 manu,
1038 632 1278 680 retinentes
1304 625 1472 698 pocula
1495 631 1592 691 rite,

327 733 586 795 Sensimus,
614 731 763 779 infuso
789 729 1086 796 lympharum
1112 746 1209 776 rore
1234 745 1426 793 superne
1448 745 1460 774 ε

343 831 503 894 Usque
528 827 639 875 adeo
666 825 713 873 in
737 824 868 872 rebus
893 823 1023 872 solidi
1048 822 1162 871 nihil
1191 840 1284 870 esse
1307 821 1504 869 videtur.

343 923 431 971 Sed
455 922 561 988 quia
586 940 691 969 vera
715 934 868 968 tamen
893 919 1018 978 ratio,
1058 932 1306 984 naturaque
1331 935 1496 975 rerum,

345 1017 502 1083 Cogit,
541 1017 659 1074 ades,
698 1015 852 1082 paucis
878 1015 991 1062 dum
1016 1014 1217 1062 versibus
1242 1012 1551 1080 expediamus,
1880 1028 1982 1076 500

345 1113 455 1159 Esse
480 1129 547 1169 ea,
585 1129 687 1176 quae
712 1110 856 1158 solido
882 1123 1017 1176 atque
1043 1123 1210 1158 aeterno
1235 1125 1422 1174 corpore
1449 1119 1657 1154 constent
1678 1127 1689 1164 3

344 1206 524 1254 Semina
548 1224 649 1271 quae
675 1223 840 1263 rerum,
879 1203 1229 1270 primordiaque,
1268 1220 1362 1250 esse
1387 1201 1634 1252 docemus:

278 1347 281 1350 ,
344 1300 482 1348 Unde
507 1296 653 1345 Omnis
679 1315 829 1344 rerum
854 1315 976 1344 HUDC
1002 1308 1177 1344 COssStet
1201 1312 1381 1343 summa
1404 1307 1566 1342 creata.

415 1583 658 1652 Principio,
697 1582 916 1650 quoniam
941 1581 1111 1649 duplex
1136 1593 1295 1630 natura
1319 1582 1513 1631 duarum

345 1679 591 1734 Dissimilis
619 1696 769 1727 rerum
792 1678 930 1742 longe
955 1689 1157 1725 constare
1181 1690 1357 1744 reperta
1381 1690 1462 1736 est,
1884 1696 1950 1743 50
1956 1696 1982 1744 5

348 1775 582 1844 Corporis,
622 1787 757 1839 atque
781 1772 885 1830 loci,
924 1790 991 1819 res
1017 1771 1064 1819 in
1088 1790 1182 1837 quo
1206 1789 1400 1838 quaeque
1424 1782 1643 1836 geruntur
1664 1790 1676 1828 3

343 1873 452 1919 Esse
475 1883 716 1934 utramque
741 1866 822 1914 sibi
847 1885 928 1933 per
953 1884 1012 1924 se,
1051 1884 1319 1932 puramque,
1359 1883 1539 1913 necesse
1563 1877 1644 1913 est.

343 1970 487 2025 Nam,
525 1965 856 2032 quaquomque
880 1977 1012 2011 vacat
1036 1963 1250 2031 spatium,
1277 1961 1405 2027 quod
1429 1960 1562 2008 inane
1588 1978 1820 2020 vocamus,

347 2066 531 2127 Corpus
555 2059 610 2108 ea
634 2077 727 2107 non
752 2072 847 2106 est:
888 2057 982 2123 qua
1004 2075 1139 2123 porro
1163 2072 1399 2121 quomque
1423 2067 1548 2102 tenet
1572 2072 1618 2102 se

349 2161 546 2222 CorpuS,
584 2153 639 2202 ea
663 2171 863 2201 vacuum
887 2168 1177 2216 nequaquam
1201 2161 1375 2197 constat
1400 2147 1547 2196 inane.
1885 2166 1985 2213 510

348 2254 462 2298 Sunt
486 2247 623 2314 igitur
646 2246 801 2304 solida,
840 2264 891 2293 ac
917 2244 1012 2293 sine
1037 2243 1175 2303 inani,
1215 2261 1402 2309 corpora
1426 2242 1586 2309 prima.

416 2344 647 2399 Praeterea,
687 2338 903 2406 quoniam
926 2338 1090 2405 genitis
1115 2337 1163 2385 in
1187 2337 1318 2385 rebus
1343 2337 1581 2396 inaneest,

347 2434 585 2482 Materiem
610 2433 783 2481 circum
807 2431 998 2482 solidam
1022 2445 1223 2481 constare
1248 2449 1428 2480 necesse
1452 2443 1547 2479 est:

347 2529 452 2573 Nec
478 2544 544 2573 res
570 2526 662 2573 ulla
686 2537 835 2592 potest
859 2524 968 2573 vera
991 2523 1161 2572 ratione
1185 2524 1364 2590 probari

349 2624 554 2686 Corpore
580 2620 710 2669 inane
736 2638 818 2669 suo
843 2620 1000 2679 celare,
1040 2633 1174 2685 atque
1200 2619 1322 2669 intus
1345 2618 1523 2675 habere,
1881 2631 1978 2679 515
