2139 2906
258 187 339 224 430
778 183 864 224 DE
897 184 1121 226 RERUM
1153 185 1420 229 NATURA.
1744 190 1850 232 Lrn.
1873 192 1956 234 III.

329 312 470 367 Nam,
508 328 651 375 quom
676 311 824 358 multo
848 325 953 359 sunt
977 312 1146 360 anima'i
1171 313 1396 362 elementa
1420 313 1607 373 minora,
1861 334 1921 381 37
1929 336 1956 380 5

328 407 481 457 Quam
507 405 670 470 quibus
695 420 740 453 et
765 425 927 473 corpus
952 409 1095 466 nobis,
1134 423 1179 456 et
1202 409 1371 457 viscera
1397 424 1602 458 constant
1623 431 1633 466 ;

326 501 451 547 Tum
479 519 668 548 nulnCI‘O
693 520 878 567 quoque
904 504 1175 560 Concedunt,
1215 516 1260 550 et
1284 521 1377 550 l‘al'a
1407 522 1486 569 per
1510 519 1627 552 astus

328 592 495 639 Dissita
520 606 651 649 sunt3
689 594 801 640 dum
827 608 945 641 taxat
970 608 1021 642 ut
1047 595 1134 642 hoc
1159 595 1421 660 promittere
1447 597 1600 662 possis,

329 688 561 741 Quantula
586 688 729 754 prima
754 703 937 753 queant,
977 690 1104 736 nobis
1139 690 1316 754 injecta,
1356 691 1471 738 ciere

326 785 527 846 Corpora
553 782 781 829 sensiferos
808 796 960 830 motus
986 783 1033 831 in
1059 802 1264 849 corpore,
1300 797 1421 832 tanta
1861 791 1958 849 380

327 873 567 920 Intervalla
593 888 741 922 tenere
767 876 945 922 exordia
970 876 1115 941 prima
1139 877 1323 924 anima'i.

327 967 453 1012 Nam
479 984 626 1031 neque
653 968 846 1033 polveris
874 968 1099 1015 interdum
1125 970 1341 1017 sentimus
1367 971 1593 1019 adhaesum

326 1062 542 1125 Corpore,
582 1079 664 1107 nec
691 1061 902 1108 membris
929 1061 1151 1109 incussam
1177 1062 1316 1110 sidere
1341 1076 1538 1118 cretam;

326 1155 430 1200 Nec
457 1154 670 1202 nebulam
696 1169 849 1213 noctu,
890 1174 1037 1221 neque
1063 1157 1208 1204 aranei
1236 1158 1387 1205 tenuia
1412 1158 1489 1205 fila

326 1247 491 1305 Obvia,
531 1248 762 1307 sentimus,
801 1250 984 1314 quando
1009 1251 1256 1298 obretimur
1281 1266 1466 1307 euntes;
1859 1257 1951 1315 385

327 1340 430 1385 Nec
455 1357 613 1405 supera
637 1354 775 1408 caput
800 1342 1003 1406 ejusdem
1029 1342 1237 1392 cecidisse
1264 1345 1432 1393 vietam

326 1435 514 1482 Vestem
537 1456 548 1491 ς
586 1454 669 1483 nec
694 1436 871 1502 plumas
896 1438 1065 1495 avium,
1105 1457 1373 1505 papposque
1400 1440 1633 1493 volanteis,

327 1526 448 1579 Quei
474 1527 611 1574 nimia
636 1528 817 1576 levitate
843 1530 1010 1577 cadunt
1036 1531 1303 1595 plerumque
1328 1531 1578 1596 gravatim:

329 1621 433 1666 Nec
458 1621 650 1686 repentis
677 1620 792 1668 itum
816 1622 978 1686 quoius
1003 1622 1070 1669 vis
1096 1641 1328 1688 quomque
1355 1624 1591 1672 animantis

329 1714 582 1771 Sentimus3
620 1734 701 1763 nec
726 1715 854 1781 priva
879 1717 1050 1782 pedum
1075 1717 1263 1782 vestigia
1287 1735 1494 1783 quaeque,
1859 1738 1955 1783 390

330 1812 533 1874 Corpore
559 1828 659 1874 quae
684 1810 729 1857 in
755 1825 906 1858 nostro
931 1811 1109 1870 culices,
1149 1826 1193 1860 et
1219 1826 1388 1869 caetera,
1428 1826 1621 1878 ponunt.

330 1905 486 1967 Usque
512 1904 623 1951 adeo
650 1905 770 1970 prius
795 1919 860 1953 est
888 1906 932 1953 in
957 1907 1084 1954 nobis
1110 1907 1255 1954 multa
1278 1907 1506 1963 ciendum,

877 2127 1368 2144 ἒξ

262 2198 337 2233 held,
352 2201 389 2238 by
408 2200 455 2228 the
471 2199 590 2228 Grecian
606 2200 793 2239 philosopher,
808 2208 838 2230 to
853 2203 886 2231 be
901 2203 1008 2231 endued
1023 2205 1091 2233 with

263 2248 448 2288 intelligence,
469 2249 522 2277 and
544 2257 704 2287 competent
728 2258 758 2278 to
783 2250 852 2279 form
875 2252 922 2280 the
946 2253 1091 2291 reasoning

261 2297 331 2331 soul,
341 2299 438 2327 others
448 2299 553 2326 existed
563 2299 682 2327 without
693 2310 746 2337 any
756 2300 928 2339 intelligenee
935 2301 1089 2331 whatever:

262 2347 316 2374 and
327 2347 387 2375 that
396 2348 444 2376 the
455 2348 555 2375 human
567 2347 651 2376 frame
659 2349 797 2377 consisted
807 2349 839 2377 of
850 2350 930 2387 equal
944 2351 1092 2388 quantities

263 2395 296 2422 of
304 2397 368 2425 each
386 2398 483 2434 spread
497 2398 659 2436 alternately
674 2409 738 2427 over
752 2409 831 2437 every
842 2400 908 2428 limb
922 2401 976 2428 and
993 2411 1090 2438 organ.

263 2444 327 2473 The
356 2446 498 2486 following
523 2458 611 2476 verses
639 2448 671 2476 of
697 2449 830 2488 Polignac
853 2450 963 2478 contain
988 2461 1003 2478 a
1033 2452 1092 2489 just

262 2500 409 2523 statement
423 2495 457 2523 of
480 2496 535 2524 this
550 2497 648 2535 theory
661 2509 667 2525 ι

303 2553 381 2582 Hinc
395 2561 501 2583 atomos
515 2566 564 2593 per
577 2567 605 2584 se
620 2564 763 2585 noscentes
777 2564 860 2595 atque
880 2558 1012 2590 volentes,

302 2602 352 2630 Ac
367 2602 445 2631 simul
456 2610 568 2632 aeternas
584 2604 656 2643 fugis
672 2605 814 2641 affirmare,
831 2606 955 2634 Lucreti.

1168 2204 1349 2232 Democritus
1363 2206 1501 2243 quondam
1518 2205 1660 2234 nonnullas
1674 2215 1775 2243 ponere
1789 2205 1856 2233 tales

1167 2252 1266 2280 Ausus
1280 2260 1348 2286 erat,
1368 2264 1429 2291 quae
1444 2264 1498 2292 prae
1510 2254 1619 2292 reliquis
1634 2253 1685 2282 hic
1700 2253 1765 2281 dote
1779 2252 1895 2290 superba

1169 2300 1318 2334 pollerent,
1340 2308 1498 2338 mentesque
1512 2301 1602 2329 forent
1617 2311 1632 2328 a
1647 2299 1761 2338 simplici
1773 2299 1857 2337 vulgo

1168 2348 1316 2378 Distinctae
1331 2361 1337 2378 :
1360 2349 1446 2387 qualis
1460 2349 1569 2387 plebem
1583 2349 1735 2377 contemnit
1749 2355 1895 2386 agrestem,

1169 2398 1325 2426 Addictam
1339 2398 1445 2432 officiis,
1461 2406 1552 2426 natam
1567 2398 1663 2426 servire
1676 2398 1801 2435 patique,

1169 2447 1273 2476 Libera
1284 2448 1421 2481 nobilitas,
1442 2447 1584 2484 titulisque
1598 2458 1628 2475 ac
1639 2447 1746 2484 juribus
1761 2446 1858 2484 amplis

1170 2497 1340 2525 Praeccllens.
1619 2495 1831 2524 Anu-Luca.
1849 2506 1874 2523 ν.
1888 2504 1955 2530 300.

1190 2555 1290 2584 Hence
1304 2556 1373 2583 thou
1388 2554 1545 2587 forbear’st,
1561 2554 1721 2586 Lucretius,
1743 2561 1773 2582 to
1788 2553 1907 2582 contend

1189 2604 1266 2632 That
1282 2611 1380 2637 atomS,
1401 2604 1511 2641 though
1526 2602 1638 2636 etei-nal,
1659 2602 1782 2640 thought
1802 2611 1915 2639 posses·-
