2139 2906
265 211 342 249 130
792 204 879 246 DE
910 201 1136 245 RERUM
1168 200 1437 244 NATURA.
1803 202 1908 244 Lm.
1930 202 1966 244 Ι.

332 334 411 380 Ne
436 349 502 380 res
528 331 583 378 ad
607 330 804 379 nihilum
828 329 1086 395 redigantur
1110 328 1314 377 funditus
1340 346 1514 376 omnes.

334 429 476 485 Nam,
516 426 876 492 quodquomque
902 424 989 472 suis
1015 436 1244 472 mutatum
1270 422 1436 471 finibus
1462 420 1567 481 exit,

337 519 574 569 Continuo
598 520 686 567 hoc
711 537 829 567 mors
853 532 919 566 est
945 518 1077 577 illius,
1115 518 1242 584 quod
1266 517 1353 564 fuit
1376 529 1493 565 ante.

337 618 640 681 Quapropter,
678 614 895 681 quoniam
919 632 1021 679 quae
1045 613 1200 680 paullo
1224 612 1419 660 diximus
1445 625 1563 671 ante,

337 712 394 757 In
418 720 738 755 conmutatum
762 706 970 764 veniunt,
1009 718 1209 753 constare
1235 723 1412 752 necesse
1436 717 1503 751 est
1869 723 1964 770 795

338 803 411 849 Ex
435 800 529 848 aliis
553 819 618 859 ea,
657 819 759 866 quae
784 813 1011 867 nequeant
1035 799 1290 848 convortier
1311 817 1504 865 usquam
1524 817 1537 847 τ

339 895 415 942 Ne
441 894 521 941 tibi
546 913 612 942 res
638 894 819 942 redeant
844 895 900 942 ad
924 894 1121 942 nihilum
1146 893 1350 941 funditus
1375 911 1548 942 omnes.

339 987 466 1042 Quin
491 988 656 1055 potius,
695 988 771 1035 tali
797 989 955 1036 natura
978 988 1178 1054 praedita,
1215 987 1424 1053 quaedam

338 1086 541 1149 Corpora
561 1082 803 1131 constituas
823 1103 834 1140 ;
873 1082 1028 1148 ignem
1052 1082 1087 1130 si
1113 1082 1226 1130 forte
1251 1082 1454 1141 crearint,

339 1179 472 1225 Posse
496 1178 668 1235 eadem,
708 1177 903 1243 demptis
928 1176 1096 1243 paucis,
1135 1177 1380 1243 paucisque
1405 1177 1594 1237 tributis,
1870 1182 1969 1227 800

340 1269 512 1317 Ordine
537 1282 727 1327 mutato,
766 1282 811 1316 et
835 1281 980 1326 motu,
1020 1268 1164 1316 facere
1188 1269 1297 1317 aeris
1322 1288 1506 1318 auram:

339 1361 411 1410 Sic
436 1362 539 1410 alias
563 1363 656 1410 aliis
682 1362 812 1410 rebus
838 1362 1050 1410 mutarier
1074 1362 1262 1410 omneis.

410 1553 477 1597 At
502 1548 737 1597 manifesta
760 1549 911 1615 palam
936 1567 1003 1597 res
1029 1549 1212 1608 indicat,
1252 1550 1416 1616 inquis,
1455 1552 1501 1599 in
1526 1570 1680 1601 auram

341 1643 470 1691 Ae‘rit
494 1662 519 1691 e
544 1644 657 1691 terra
675 1662 740 1691 res
766 1644 938 1692 omneis
964 1662 1172 1702 crescere,
1211 1643 1388 1710 alique:

341 1739 415 1795 Et,
454 1735 536 1784 nisi
562 1749 802 1802 tempestas
828 1737 1034 1803 indulget
1058 1750 1263 1803 tempore
1290 1736 1444 1784 fausto
1873 1744 1936 1789 80
1941 1758 1969 1802 5
2041 1795 2044 1799 λ

342 1831 582 1889 Imbribus,
620 1845 666 1878 et
690 1832 792 1878 tabe
817 1832 1077 1879 nimborum
1103 1832 1282 1879 arbusta
1305 1831 1546 1889 vacillant3

342 1924 508 1989 Solque
533 1924 611 1971 sua
635 1943 717 1990 pro
742 1939 866 1990 parte
891 1925 1033 1984 fovet,
1070 1924 1317 1990 tribuitque
1342 1925 1566 1981 calorem3

342 2021 550 2064 Crescere
576 2035 668 2064 non
695 2018 867 2084 possint
892 2018 1057 2084 fruges,
1096 2019 1286 2075 arbusta,
1326 2017 1587 2064 animantes.

345 2111 549 2168 Scilicet;
587 2124 646 2169 et,
674 2112 756 2159 nisi
781 2131 862 2159 nos
886 2112 1012 2159 cibus
1037 2112 1204 2170 aridus,
1243 2125 1287 2158 et
1313 2125 1437 2158 tener
1461 2112 1641 2171 humor,

345 2205 570 2269 Adjuvat,
608 2205 769 2252 amisso
785 2205 884 2269 jam
908 2223 1108 2270 corpore,
1148 2204 1241 2250 vita
1265 2223 1450 2269 quoque
1475 2205 1621 2252 omnis
1872 2211 1970 2256 810

345 2299 572 2347 Omnibus
597 2317 621 2346 e
647 2298 793 2346 nervis
819 2312 954 2364 atque
979 2298 1147 2346 ossibus
1172 2299 1442 2347 exsoluatur.

346 2394 624 2457 Adjutamur
649 2393 772 2440 enim
797 2392 937 2440 dubio
962 2392 1135 2459 procul,
1174 2406 1309 2457 atque
1333 2392 1509 2450 alimur,
1548 2410 1628 2440 nos

349 2487 494 2533 Certis
520 2487 574 2534 ab
597 2487 742 2545 rebus,
781 2487 908 2534 certis
934 2486 1028 2533 aliae
1054 2499 1187 2551 atque
1212 2486 1308 2532 aliae
1333 2503 1427 2532 res:

349 2578 598 2639 Nimirum,
635 2580 742 2645 quia
765 2580 1045 2628 multimodis
1067 2579 1311 2627 conmunia
1335 2578 1487 2626 multis
