2139 2906
260 214 341 252 284
790 205 875 246 DE
906 204 1130 246 RERUM
1163 205 1429 247 NATURA.
1770 204 1874 246 Lm.
1898 206 1958 247 II.

340 255 359 278 a,

333 332 553 382 Dissimili
578 331 776 397 perfecta
799 330 945 395 figur&
968 330 1307 395 principiorum.
1860 332 1959 393 670

402 430 529 474 Tum
555 445 702 492 porro,
741 443 1077 490 quaequomque
1102 423 1195 488 igni
1221 423 1451 469 flammata
1475 434 1743 480 cremantur,

335 520 379 567 Si
404 520 515 567 nihil
541 533 765 584 praeterea,
805 532 956 564 tamen
980 518 1076 564 haec
1103 516 1148 564 in
1175 533 1359 581 corpore
1385 516 1578 574 aluntur,
1608 575 1610 577 .

335 614 475 662 Unde
502 614 654 677 ignem
672 612 835 675 jacere,
875 624 919 657 et
944 609 1100 656 lumen
1126 609 1400 666 submittere,
1428 610 1627 674 possint3

337 705 647 768 Scintillasque
673 720 817 767 agere,
855 719 905 748 ac
930 701 1017 746 late
1042 700 1218 746 differre
1244 700 1458 747 favillam.

409 893 596 947 Caetera,
635 888 856 949 consimili
882 887 1044 934 mentis
1069 886 1238 933 ratione
1263 903 1512 950 peragrans,
1869 893 1964 953 675

340 982 549 1031 Invenies
575 982 711 1047 igitur
736 981 983 1028 multarum
1008 979 1177 1026 semina
1201 996 1349 1025 rerum

340 1078 541 1139 Corpore
566 1073 723 1130 celare,
761 1085 807 1118 et
831 1070 971 1116 varias
997 1068 1203 1115 cohibere
1230 1068 1408 1132 figuras.

410 1166 638 1230 Denique,
677 1164 821 1211 multa
845 1163 985 1220 vides,
1024 1161 1187 1226 quibus
1213 1175 1257 1208 et
1282 1162 1405 1208 color
1434 1176 1478 1209 et
1503 1182 1632 1229 sapor
1656 1168 1759 1223 unfit,

346 1257 588 1321 Religione
614 1255 818 1302 animum
844 1254 963 1319 turpi
988 1271 1130 1318 quom
1156 1266 1336 1317 tangere
1362 1268 1509 1319 pacto,

343 1350 541 1400 Reddita
566 1363 669 1396 sunt
695 1367 801 1395 cum
827 1349 963 1395 odore
985 1369 996 1403 ;
1035 1348 1080 1394 in
1106 1347 1260 1412 primis
1286 1348 1499 1414 pleraque
1525 1351 1673 1399 dona:
1856 1327 1970 1402 ‘686

343 1448 456 1493 Haec
482 1443 617 1508 igitur
643 1441 775 1488 variis
804 1441 970 1487 debent
995 1453 1195 1487 constare
1220 1440 1374 1505 figuris
1402 1461 1413 1488 ε

344 1539 496 1587 Nidor
520 1536 641 1583 enim
668 1548 885 1599 penetrat,
924 1535 1013 1598 qu&
1038 1551 1169 1579 sucus
1195 1551 1286 1580 non
1312 1533 1346 1579 it
1372 1534 1417 1581 in
1443 1549 1559 1582 artus
1581 1555 1592 1582 ε

347 1634 487 1676 Sucus
513 1627 622 1673 item
647 1643 860 1681 seorsum,
899 1638 943 1670 et
969 1642 1166 1671 seorsum
1197 1643 1339 1689 sapor,
1379 1626 1626 1675 insinuatur

348 1721 586 1775 Sensibus3
623 1733 673 1765 ut
700 1736 852 1764 noscas
877 1717 1032 1782 primis
1058 1718 1234 1764 differre
1260 1718 1429 1782 figuris.

350 1812 599 1862 Dissimiles
625 1811 760 1875 igitur
785 1810 940 1857 formae
965 1810 1273 1874 glomeramen
1307 1811 1352 1858 in
1378 1830 1524 1860 unum
1877 1819 1971 1876 685

353 1904 678 1959 Conveniunt3
717 1917 761 1949 et
786 1914 851 1949 res
876 1903 1099 1968 permixto
1124 1904 1293 1951 semine
1318 1919 1536 1953 constant.

422 1999 548 2053 Quin
573 1997 723 2053 etiam,
763 1997 925 2061 passim
952 1997 1109 2044 nostris
1137 1997 1182 2044 in
1207 1998 1406 2044 versibus
1432 1998 1535 2063 ipsis

353 2092 508 2141 Multa
532 2091 755 2137 elementa
779 2088 904 2135 vides
930 2089 1082 2135 multis
1108 2088 1352 2135 communia
1375 2090 1520 2136 verbis
1548 2110 1558 2145 3

356 2188 513 2238 Quom
538 2197 688 2228 tamen
715 2181 828 2227 inter
853 2199 897 2227 se
923 2198 1074 2227 versus
1100 2199 1150 2226 ac
1176 2181 1325 2238 verba,
1366 2200 1542 2229 necesse
1567 2198 1646 2240 est,

357 2277 614 2325 Confiteare
639 2274 724 2321 alia
748 2292 801 2320 ex
827 2273 920 2319 aliis
945 2286 1144 2320 constare
1169 2274 1416 2321 elementis.
1881 2279 1980 2338 690

360 2373 486 2427 Non,
526 2386 618 2433 quo
644 2367 800 2423 multa,
842 2385 1001 2432 parum
1027 2367 1278 2425 conmunis,
1317 2367 1441 2416 litera
1478 2382 1635 2425 currat,

360 2465 459 2508 Aut
482 2460 606 2508 nulla
630 2459 744 2507 inter
768 2476 813 2506 se
839 2459 931 2506 duo
957 2459 1044 2506 sint
1067 2477 1121 2506 ex
1146 2460 1356 2507 omnibus
1384 2461 1532 2508 eidem
1553 2481 1564 2516 ;

362 2554 462 2610 Sed,
500 2554 606 2617 quia
631 2571 723 2600 non
746 2552 887 2616 volgo
911 2552 1032 2617 paria
1056 2551 1265 2600 omnibus
1290 2552 1441 2601 omnia
1465 2545 1699 2601 constant:
