2139 2906
309 191 393 233 326
836 192 922 239 DE
953 197 1176 241 RERUM
1208 198 1473 244 NATURA.
1813 204 1917 247 Lns.
1939 205 1998 248 Il.

382 317 592 378 Vincere,
630 333 674 369 et
698 320 916 388 ingenteis
939 323 1083 389 plagae
1108 325 1257 373 sedare
1280 327 1517 386 turnultus,
1904 346 1999 393 955

383 414 529 478 Inque
553 432 654 463 suos
677 416 901 483 quidquid
925 437 1070 467 rursus
1094 438 1301 469 revocare
1325 435 1525 478 meatus;

384 507 447 553 Et
472 507 602 571 quasi
621 509 718 573 jam
743 508 820 557 leti
845 510 1153 560 dominantem
1178 512 1225 560 in
1250 531 1434 579 corpore
1459 528 1635 562 motum

383 598 634 659 Discutere,
673 620 723 648 ac
749 619 864 668 pene
888 603 1067 650 amissos
1093 604 1359 652 adscendere
1384 624 1548 654 sensus.

383 695 524 752 Nam,
564 694 656 759 qua
679 713 724 742 re
748 696 897 760 potius
923 696 1000 743 leti
1017 695 1116 760 jam
1140 697 1295 744 limine
1320 697 1374 744 ab
1399 698 1497 763 ipso

383 788 462 834 Ad
480 788 620 838 vitam
644 789 829 855 possint,
868 791 1073 854 conjecta
1097 804 1263 848 mente,
1291 791 1483 847 revorti;
1905 795 2006 855 960
2063 822 2065 824 -

384 882 552 940 Quam,
591 901 684 947 quo
709 883 946 931 decursum
972 903 1115 951 prope
1133 886 1231 949 jam
1257 884 1351 942 siet,
1391 885 1452 932 ire
1476 899 1521 932 et
1546 885 1664 934 abire
1687 888 1701 933 ?

454 975 679 1032 Praeterea,
717 975 931 1040 quoniam
957 976 1085 1023 dolor
1108 989 1188 1034 est,
1226 976 1304 1023 ubi
1330 977 1531 1024 materiai

383 1068 597 1131 Corpora,
636 1066 683 1113 vi
708 1067 903 1132 quadam
928 1086 1007 1133 per
1032 1068 1199 1116 viscera
1222 1068 1342 1126 viva,
1382 1087 1460 1134 per
1484 1083 1616 1127 artus,
1648 1136 1652 1138 Β

384 1158 621 1217 Solicitata,
661 1159 747 1206 suis
772 1160 995 1226 trepidant
1020 1161 1066 1208 in
1091 1161 1267 1208 sedibus
1292 1161 1440 1217 intus;

384 1254 529 1317 Inque
555 1253 708 1300 locum
732 1255 914 1319 quando
938 1254 1193 1319 remigrant‚
1233 1255 1285 1301 fit
1309 1254 1472 1301 blanda
1497 1254 1705 1320 voluptas
1727 1273 1737 1301 ε
1907 1261 2000 1317 965

385 1344 503 1390 Scire
528 1344 646 1401 licet,
687 1346 812 1392 nullo
837 1345 1079 1410 primordia
1104 1362 1231 1411 posse
1258 1346 1410 1393 dolore

385 1434 569 1480 Tentari
591 1455 602 1490 ;
639 1435 901 1500 nullamque
927 1438 1211 1503 voluptatem
1235 1457 1392 1505 capere
1416 1457 1470 1487 ex
1495 1458 1539 1487 se
1561 1459 1572 1486 τ

387 1529 771 1593 Quandoquidem
796 1548 888 1577 non
913 1544 1017 1577 sunt
1041 1550 1095 1578 ex
1119 1531 1203 1578 illis
1228 1531 1552 1599 principiorum

389 1621 681 1686 Corporibus,
719 1640 914 1686 quorum
939 1637 1088 1671 motus
1114 1624 1312 1671 novitate
1337 1624 1552 1681 laborent,

387 1719 487 1762 Aut
511 1715 708 1780 aliquem
733 1715 931 1762 fructum
956 1715 1135 1781 capiant
1160 1715 1408 1762 dulcedinis
1434 1715 1561 1762 almae
1583 1734 1595 1762 t
1905 1736 2004 1781 970

387 1808 525 1854 Haud
549 1807 684 1872 igitur
708 1806 872 1853 debent
897 1825 989 1854 esse
1014 1808 1110 1855 ullo
1134 1808 1318 1874 praedita
1341 1827 1485 1856 sensu.

456 1901 684 1966 Denique,
724 1899 815 1947 utei
839 1915 1025 1965 possunt
1050 1901 1209 1948 sentire
1233 1902 1441 1949 animalia
1464 1919 1668 1965 quaeque,

388 1994 618 2059 Principiis
644 1994 677 2040 si
695 1994 792 2057 jam
817 2008 882 2040 est
907 2013 1056 2042 sensus
1082 1995 1342 2042 tribuendus
1365 2012 1521 2042 eorum
1543 2014 1553 2049 ;

388 2088 515 2142 Quid
537 2090 551 2134 ἓ
589 2105 730 2152 genus
755 2087 1008 2133 humanum
1032 2087 1268 2152 propritim
1294 2088 1348 2134 de
1374 2086 1536 2152 quibus
1561 2099 1744 2132 auctum
1770 2101 1848 2143 est,

389 2180 565 2227 Scilicet
589 2193 632 2226 et
658 2179 744 2225 risu
770 2179 963 2225 tremulo
988 2197 1202 2226 concussa
1227 2180 1510 2235 cachinnant,
1908 2196 2002 2240 975

389 2277 448 2321 Et
473 2273 678 2320 lacrumis
705 2287 918 2337 spargunt
943 2272 1189 2320 rorantibus
1215 2292 1304 2330 ora,
1342 2290 1596 2338 genasque3

360 2475 427 2502 Ver.
445 2477 511 2511 988.
536 2476 615 2503 From
627 2474 1015 2514 those‚forsooth,incitedquick
1026 2473 1145 2511 tolaugh‚
1186 2482 1257 2502 most
1284 2475 1425 2507 verbmim,
1453 2474 1522 2501 from
1550 2473 1598 2501 the
1626 2473 1682 2500 first
1710 2471 1807 2505 book3
1842 2470 1931 2500 where
1961 2470 2007 2498 the

436 2524 516 2552 Those
535 2525 614 2552 down
636 2524 722 2552 whose
753 2524 836 2553 cheeks
857 2523 992 2562 perpetual
1013 2531 1081 2551 {ears
1107 2524 1146 2551 di·
1186 2525 1279 2552 reader
1294 2524 1347 2552 will
1362 2524 1416 2552 find
1431 2524 1496 2561 they
1511 2533 1558 2550 run
1574 2522 1655 2550 thus:

474 2575 525 2607 stil,
548 2576 620 2611 &e.]
645 2575 738 2604 These
758 2586 844 2603 verses
866 2585 910 2603 are
933 2574 1086 2607 borrowed,
1108 2573 1146 2601 al-
