2139 2906
261 195 344 237 478
793 193 879 235 DE
910 193 1136 238 RERUM
1168 196 1436 241 NATURA.
1761 202 1965 247 1212111.

339 319 653 385 Confugient:
692 322 819 387 quod
843 323 877 369 si
894 323 993 387 jam
1018 325 1086 382 fit,
1126 324 1288 373 fateare
1314 344 1491 375 necesse
1516 341 1582 376 est

335 414 582 462 Mortalem
607 433 700 463 esse
725 416 924 464 animam
944 437 955 474 ;
993 419 1224 483 quoniam,
1264 433 1435 468 mutata
1460 439 1540 487 per
1564 435 1681 470 artus

335 513 488 558 Tanto
513 529 663 576 opere,
701 511 867 559 amittit
891 511 1048 570 vitam,
1089 530 1360 578 sensumque
1385 515 1595 580 priorem.

409 607 576 659 Quove
600 606 740 653 modo
765 605 946 672 poterit,
985 605 1147 670 pariter
1171 624 1279 653 cum
1304 624 1491 673 corpore
1516 626 1698 674 quoque
1869 627 1966 673 770

338 699 632 757 Confirmata,
672 698 882 764 cupitum
907 698 1044 746 aetatis
1070 712 1251 764 tangere
1278 700 1438 748 florem

338 793 421 841 Vis
447 793 599 851 animi,
639 791 721 839 nisi
746 791 828 839 erit
847 810 1026 839 consors
1052 792 1099 840 in
1123 792 1295 859 origine
1321 794 1499 860 prima?

339 889 524 943 Quidve
550 886 665 939 foras
691 885 773 933 sibi
792 886 891 933 volt
917 887 1129 934 membris
1155 887 1273 935 exire
1298 889 1519 937 senectis?

337 988 418 1032 An
442 982 605 1031 metuit
630 982 842 1029 conclusa
866 999 1045 1029 manere
1070 982 1117 1029 in
1136 1001 1321 1048 corpore
1347 983 1467 1050 putri
1492 986 1505 1029 ?

338 1084 432 1138 An,
471 1079 633 1126 domus
658 1076 796 1125 aetatis
821 1076 965 1143 spatio
990 1095 1046 1124 ne
1071 1077 1184 1125 fessa
1207 1091 1387 1125 vetusto
1873 1099 1966 1145 775

340 1174 549 1221 Obruat?
589 1186 633 1219 at
658 1191 751 1220 non
777 1184 881 1219 sunt
898 1172 997 1236 jam
1022 1171 1249 1220 inmortali
1274 1172 1367 1219 ulla
1391 1173 1571 1239 pericla.

409 1267 638 1334 Denique,
678 1266 904 1314 connubia
928 1266 985 1313 ad
1003 1266 1208 1323 Veneris,
1247 1280 1492 1333 partusque
1518 1268 1725 1326 ferarum,

341 1367 447 1412 Esse
469 1362 638 1410 animas
662 1374 838 1428 praesto,
878 1360 1178 1408 deridiculum
1203 1379 1296 1408 esse
1320 1360 1529 1418 videtur3

343 1460 615 1523 Exspectare
643 1454 916 1503 inmortaleis
942 1453 1146 1502 mortalia
1169 1454 1372 1501 membra

343 1555 590 1599 Innumero
615 1567 819 1607 numero,
858 1562 1113 1613 certareque
1139 1561 1520 1613 praeproperanter
1877 1553 1972 1608 780

344 1649 466 1693 Inter
490 1663 550 1703 se,
587 1664 688 1710 quae
714 1644 872 1710 prima,
912 1643 1246 1710 potissimaque,
1286 1643 1563 1691 insinuetur:

346 1741 389 1787 Si
416 1758 508 1788 non
534 1740 647 1787 forte
674 1740 733 1787 ita
759 1752 861 1787 sunt
887 1738 1139 1786 animarum
1165 1737 1336 1785 foedera
1360 1751 1504 1803 pacta,

346 1838 427 1892 Ut,
466 1853 566 1899 quae
592 1832 738 1899 prima
761 1832 917 1879 volans
943 1829 1189 1887 advenerit,
1228 1828 1475 1876 insinuetur

348 1929 511 1987 Prima,
551 1947 699 1994 neque
725 1929 839 1976 inter
863 1946 908 1975 se
934 1926 1210 1974 contendant
1234 1924 1402 1971 viribus
1427 1923 1588 1971 hilum.

419 2021 648 2086 Denique,
688 2020 733 2068 in
758 2020 921 2067 aethere
946 2037 1039 2066 non
1063 2018 1205 2074 arbor,
1244 2034 1335 2064 non
1361 2033 1538 2080 aequore
1563 2014 1610 2083 in
1635 2016 1725 2063 alto
1878 2021 1972 2081 785

351 2115 512 2162 Nubes
538 2133 629 2161 esse
655 2128 844 2179 queunt,
884 2131 966 2160 nec
993 2112 1133 2178 pisces
1158 2110 1313 2157 vivere
1338 2108 1383 2156 in
1410 2107 1538 2166 arvis,

879 2261 1372 2280 ΣΕ

322 2345 388 2373 Ver.
406 2352 472 2381 792.
498 2342 587 2376 What,
606 2350 654 2374 too,
677 2352 703 2369 so
731 2339 790 2373 idle,
811 2351 840 2368 as
861 2338 919 2367 that
943 2337 1009 2368 sauls
1023 2335 1116 2366 should
1152 2335 1233 2363 other
1247 2342 1316 2363 state
1338 2334 1405 2363 than
1426 2335 1475 2363 the
1495 2341 1604 2372 present
1624 2335 1722 2369 world,
1743 2336 1770 2364 in
1791 2346 1866 2366 some
1885 2347 1980 2378 maga.

441 2391 534 2429 throng
1153 2384 1214 2412 zine
1236 2384 1371 2423 prepared
1394 2383 1438 2412 for
1459 2384 1507 2412 the
1531 2394 1662 2423 purpose,
1683 2385 1766 2422 ready
1793 2392 1823 2414 to
1851 2387 1916 2416 take
1942 2389 1979 2417 its

403 2441 502 2469 Round
514 2439 574 2469 each
584 2440 635 2468 vile
644 2441 804 2471 intercourse,
816 2449 845 2465 or
855 2438 923 2466 beas!
933 2436 988 2465 that
998 2437 1070 2465 bears
1081 2436 1109 2472 :]
1154 2433 1246 2472 ssight,
1267 2434 1319 2462 and
1336 2434 1411 2462 unite
1431 2433 1508 2462 itself
1521 2433 1589 2461 With
1609 2434 1658 2462 the
1678 2433 1810 2473 inCipient
1830 2436 1907 2475 bOdy
1920 2444 1949 2466 at
1962 2448 1979 2466 a

288 2493 300 2519 1
317 2492 388 2519 have
404 2491 513 2529 already
527 2490 643 2529 glanced
658 2497 688 2517 at
708 2489 762 2517 this
779 2494 924 2526 argument
938 2487 965 2515 in
979 2486 1028 2515 the
1048 2493 1112 2513 note
1153 2484 1300 2511 moment’s
1321 2483 1454 2521 warningu
1482 2482 1573 2510 Which
1594 2493 1649 2511 ΜΞ
1670 2483 1717 2511 the
1738 2484 1850 2522 opinion
1871 2485 1905 2513 Of
1923 2485 1978 2524 Py-

286 2551 323 2569 on
337 2550 392 2568 ver.
408 2540 475 2573 681,
490 2539 523 2568 of
534 2540 582 2568 the
593 2545 702 2577 present
717 2538 794 2567 book
808 2549 816 2572 ς
836 2538 890 2566 and
903 2536 1036 2565 observed
1051 2535 1112 2564 that
1151 2532 1282 2569 thagoras
1296 2532 1351 2559 and
1364 2531 1465 2565 Pl³t03
1486 2541 1528 2564 ⁰¹,
1542 2531 1604 2560 tha
1617 2532 1666 2560 the
1677 2532 1794 2561 Cressor
1807 2540 1879 2561 must
1889 2534 1925 2562 bt
1939 2544 1980 2562 CS-

288 2589 335 2618 the
351 2587 420 2622 soal,
440 2586 464 2616 if
476 2587 646 2623 immam-iai,
660 2594 734 2617 must
749 2587 836 2616 either
849 2587 981 2625 pre-exist
995 2585 1022 2613 in
1037 2594 1112 2613 some
1151 2581 1276 2619 sentially
1285 2587 1394 2619 present
1404 2581 1457 2609 and
1466 2581 1601 2619 occupied
1612 2581 1712 2620 during
1722 2593 1802 2621 every
1811 2582 1978 2612 intercourse
