2139 2906
277 197 300 231 N)

305 191 357 232 62
783 188 868 230 DE
900 186 1124 229 RERUM
1157 186 1423 233 NATURA.

350 316 562 368 Quorum
587 326 835 379 utrumque
860 314 1011 379 palam
1035 313 1131 362 fieri
1155 313 1390 361 manifesta
1414 314 1546 361 docet
1571 331 1636 361 res
1658 334 1668 369 ;

350 410 409 454 Et
434 426 500 454 res
527 408 750 473 progigni,
790 422 835 455 et
858 408 1029 473 genitas
1055 425 1332 473 procrescere
1357 425 1499 472 posse.

350 504 458 549 Esse
484 502 619 566 igitur
643 520 806 566 genere
831 502 878 549 in
902 520 996 566 quo
1021 501 1087 548 vis
1112 500 1355 566 primordia
1379 518 1526 547 rerum

352 594 537 641 Infinita
560 594 710 659 palam
735 608 815 651 est,
853 594 975 640 unde
1000 593 1154 640 omnia
1177 593 1529 658 subpeditantur.

420 690 525 734 Nec
551 705 755 752 superare
781 699 956 751 queunt
980 700 1129 733 motus
1155 686 1305 750 itaque
1330 686 1524 732 exitiales

352 782 590 845 Perpetuo,
630 797 778 844 neque
804 779 848 826 in
876 792 1092 826 aeternum
1119 779 1305 845 sepelire
1331 779 1519 826 salutem
1540 798 1550 824 :
1571 807 1574 811 ·

353 876 457 919 Nec
482 891 615 938 porro
640 891 786 920 rerum
813 873 1042 937 genitales,
1081 871 1411 936 aucdficeique,

352 967 509 1011 Motus
536 979 758 1030 perpetuo
783 978 970 1029 possunt
996 983 1166 1011 servare
1192 979 1349 1011 creata.

352 1056 422 1103 Sic
448 1075 579 1121 aequo
603 1056 772 1122 geritur
797 1056 1038 1103 certamine
1064 1056 1405 1121 principiorum,

351 1152 419 1195 Ex
445 1149 624 1196 infinito
649 1162 932 1195 contractum
958 1163 1176 1213 tempore,
1216 1149 1403 1195 bellum.

354 1244 496 1289 Nunc
521 1242 637 1299 heic,
677 1261 798 1289 nunc
824 1242 929 1299 illic,
970 1256 1180 1307 superant
1205 1242 1358 1288 vitalia
1382 1260 1559 1298 rerum3

355 1338 415 1382 Et
440 1350 704 1401 superantur
730 1335 868 1382 item:
907 1335 1119 1382 miscetur
1146 1335 1299 1381 funere
1327 1352 1478 1399 vagor,

355 1433 506 1484 Quem
534 1430 687 1495 puerei
713 1430 894 1486 tollunt,
933 1430 1125 1476 visentes
1151 1429 1333 1476 luminis
1359 1447 1481 1476 oras:

355 1526 459 1570 Nec
486 1541 573 1569 nox
599 1522 691 1569 ulla
716 1522 852 1579 diem,
892 1539 1040 1585 neque
1066 1534 1249 1568 noctem
1274 1539 1442 1576 aurora,
1483 1534 1671 1584 sequuta
1696 1533 1776 1577 est,

357 1620 473 1670 Quae
499 1635 591 1662 non
617 1614 819 1671 audierit,
858 1614 1020 1661 mixtos
1045 1613 1284 1678 vagitibus,
1324 1631 1461 1678 aegros

359 1710 573 1766 Ploratus,
614 1708 776 1755 Mortis
803 1707 1004 1764 comites,
1043 1721 1088 1754 et
1115 1708 1299 1754 Funeris
1326 1707 1420 1753 atri.

432 1897 553 1943 Illud
580 1896 625 1943 in
650 1895 733 1942 hiis
759 1894 1048 1959 obsignatum
1073 1910 1256 1958 quoque
1282 1892 1411 1938 rebus
1437 1891 1598 1937 habere

365 1988 612 2046 Convenit,
651 2001 695 2035 et
721 1986 911 2034 memori
938 1986 1202 2033 mandatum
1229 1998 1381 2031 mente
1406 1997 1555 2029 tenere
1577 2003 1587 2038 3

363 2083 497 2130 Nihil
523 2101 629 2140 esse,
669 2082 715 2128 in
740 2094 955 2146 promptu
981 2098 1176 2144 quorum
1202 2092 1359 2125 natura
1385 2077 1578 2133 videtur,

366 2177 507 2230 Quod
531 2193 693 2240 genere
718 2193 772 2221 ex
797 2192 890 2220 uno
915 2172 1123 2219 consistat
1148 2170 1502 2237 principiorum:

366 2271 470 2314 Nec
495 2267 759 2331 quidquam,
799 2265 924 2330 quod
949 2283 1042 2311 non
1065 2264 1288 2329 permixto
1314 2263 1482 2310 semine
1507 2275 1693 2309 constet.

332 2337 336 2343 i
369 2362 446 2419 Et,
485 2376 820 2423 quaequomque
846 2357 986 2422 magis
1010 2356 1078 2403 vis
1104 2356 1265 2409 multas
1291 2355 1487 2420 possidet
1512 2353 1558 2400 in
1584 2371 1642 2409 se,

369 2456 525 2516 Atque
550 2466 804 2517 potestateS,
843 2451 901 2497 ita
926 2450 1119 2517 plurima
1144 2449 1467 2515 principiorum

372 2546 426 2590 In
451 2562 541 2590 sese
566 2562 742 2609 genera,
780 2562 829 2590 ac
856 2543 994 2590 varias
1021 2544 1153 2590 docet
1178 2560 1269 2589 esse
1296 2542 1473 2606 figuras,

1787 189 1891 231 Lm.
1915 191 1974 233 II.

1878 320 1973 376 565

1881 797 1979 844 57Ο

1888 1710 1986 1767 580

1894 2264 1989 2321 585
