2139 2906
237 194 318 234 474
768 189 854 230 DE
886 190 1109 232 RERUM
1143 190 1409 236 NATURA.
1724 192 1829 237 Lm.
1853 195 1938 237 111.

311 316 627 370 Quaerundurn
647 316 865 376 videatur,
904 332 949 365 et
975 317 1021 365 in
1045 318 1284 368 discrimen
1309 320 1573 386 agundum3

310 412 477 457 Utrum
505 410 689 459 tandem
713 411 873 459 animae
898 426 1122 460 venentur
1145 414 1316 461 semina
1338 432 1530 479 quaeque

310 504 694 563 vermiculorum,
734 506 930 571 ipsaeque
956 505 1038 553 sibi
1063 506 1349 565 fabricentur,
1388 508 1493 555 ubei
1518 521 1650 556 sunt:

308 603 388 647 An
415 600 539 665 quasi
564 600 824 666 corporibus
850 599 1058 666 perfectis
1083 599 1379 648 insinuentur.

309 697 377 741 At
400 712 563 760 neque,
601 712 720 759 quur
744 694 908 741 faciant
933 694 1053 760 ipsae,
1091 694 1184 762 qua
1207 713 1312 743 reve
1337 695 1554 754 laborent,
1841 716 1940 763 7-30

308 789 472 837 Dicere
496 788 781 855 subpeditat3
819 807 968 855 neque
993 788 1131 848 enim,
1170 790 1264 837 sine
1289 808 1476 856 corpore
1500 808 1643 856 quom
1668 805 1787 850 sunt,

310 884 500 931 Solicitae
525 883 719 931 volitant
743 883 925 942 morbis,
964 884 1176 949 alguque,
1214 883 1426 950 fameque
1447 903 1459 931 :

310 981 487 1045 Corpus
511 978 635 1027 enim
660 977 802 1043 magis
827 977 910 1025 hiis
936 976 1070 1035 vitiis,
1109 991 1153 1025 et
1179 978 1285 1035 fine,
1324 977 1523 1035 laborat3

309 1075 370 1120 Et
393 1074 511 1121 mala
534 1087 699 1121 cuncta
723 1072 897 1120 animus
924 1073 1104 1138 contagi
1130 1072 1335 1137 fungitur
1359 1073 1469 1137 ejus.

311 1168 397 1214 Sed
424 1181 575 1215 tamen
601 1167 684 1215 hiis
709 1181 803 1214 esto
828 1185 968 1231 quam
988 1166 1054 1213 vis
1079 1166 1223 1214 facere
1249 1166 1359 1213 utile
1384 1185 1564 1232 corpus,
1843 1185 1938 1233 735

312 1263 451 1317 Quod
477 1263 664 1310 subeant
686 1283 696 1319 3
733 1276 792 1320 at,
831 1264 921 1327 qua-*1
947 1260 1130 1327 possint,
1170 1261 1244 1308 via
1268 1261 1393 1308 nulla
1417 1261 1625 1308 videtur:

311 1357 451 1403 Haud
475 1356 611 1421 igitur
637 1355 807 1403 faciunt
833 1354 993 1402 animae
1019 1353 1100 1401 sibi
1125 1372 1327 1420 corpora,
1365 1368 1410 1401 et
1435 1368 1568 1401 artus.

312 1455 417 1500 Nec
442 1467 595 1500 tamen
620 1466 698 1510 est,
738 1454 817 1517 qui
842 1470 950 1498 curn
974 1450 1182 1516 perfectis
1208 1450 1489 1499 insinuentur

314 1546 617 1611 Corporibus:
656 1564 804 1610 neque
829 1545 952 1592 enim
978 1558 1190 1609 poterunt
1215 1543 1435 1590 subtiliter
1459 1561 1551 1591 esse

316 1643 571 1695 Connexae3
610 1657 756 1704 neque
781 1656 999 1685 consensu
1026 1636 1233 1703 contagia
1257 1637 1383 1684 fient.
1847 1655 1943 1701 740

388 1926 614 1990 Denique,
654 1941 771 1988 quur
795 1922 903 1969 acris
929 1920 1144 1968 violentia
1167 1919 1288 1967 triste
1313 1918 1499 1966 leonum

320 2018 568 2066 Seminium
595 2016 808 2081 sequitur,
846 2013 1023 2080 volpeis
1050 2012 1205 2068 dolus3
1242 2025 1286 2059 et
1311 2011 1420 2076 fuga
1442 2011 1583 2058 cervis

319 2116 365 2160 A
391 2111 588 2178 patribus
615 2110 758 2166 datur,
797 2122 841 2155 et
869 2107 1036 2174 patrius
1062 2124 1202 2171 pavor
1228 2104 1381 2152 incitat
1406 2118 1523 2152 artus
1545 2106 1560 2151 ?

322 2211 380 2255 Et
397 2208 495 2272 jam
521 2218 676 2252 caetera
701 2204 756 2250 de
781 2218 943 2266 genere
969 2201 1072 2257 boc,
1110 2216 1227 2263 quur
1251 2196 1404 2259 omnia
1429 2196 1640 2245 membris

323 2305 388 2349 Ex
415 2301 597 2348 ineunte
624 2315 722 2345 aevo
748 2308 1057 2361 generascunt,
1097 2291 1370 2357 ingenioque
1392 2311 1404 2348 ;
1847 2306 1941 2352 745

323 2396 367 2442 Si
391 2413 498 2452 non,
537 2406 654 2440 certa
678 2408 760 2438 suo
785 2389 890 2454 quia
915 2387 1098 2445 semine,
1137 2384 1432 2449 seminioque,

324 2489 405 2536 Vis
430 2487 567 2536 animi
593 2485 754 2552 pariter
778 2483 932 2532 crescit
958 2500 1064 2530 cum
1090 2496 1275 2545 corpore
1300 2493 1482 2543 quoque
1506 2478 1520 2522 ?

317 2581 479 2637 Quod,
517 2580 551 2625 si
577 2577 820 2626 inmortalis
846 2575 975 2634 foret,
1013 2589 1057 2621 et
1083 2586 1256 2622 mutare
1280 2570 1438 2619 soleret
