2139 2906
224 195 311 231 508·
447 216 450 220 .
726 192 812 233 DE
843 192 1068 235 RERUM
1101 194 1368 243 NATURA.
1709 194 1814 239 Lm.
1838 199 1934 244 111.-

298 319 401 363 Nec
427 317 697 365 desiderium
723 318 860 366 nostri
886 320 1148 385 nos-adtigit
1174 321 1349 369 ullum:
1594 332 1597 333 ⁷
1828 344 1857 387 9
1866 344 1890 387 3
1899 343 1924 387 5

299 410 357 455 Et
384 424 536 457 tamen
561 410 683 457 haud
707 428 936 475 quaquam
962 425 1133 458 nostros
1159 426 1267 459 tunc
1293 412 1369 460 illa
1392 432 1472 479 per
1496 427 1614 461 artus

299 504 458 567 Longe
484 503 539 549 ab
565 503 781 550 sensiferis
807 503 1050 568 primordia
1076 504 1273 550 motibus
1298 519 1471 563 errant3

302 599 460 650 Quom
485 612 724 663 conseptus
750 599 890 645 homo
915 616 969 644 ex
995 616 1155 645 somno
1181 616 1224 644 se
1250 598 1438 664 conligit
1464 600 1572 665 ipse.

302 690 457 736 Multo
482 689 617 754 igitur
643 704 835 737 mortem
861 690 1008 737 minus
1034 691 1089 736 ad
1114 709 1194 738 nos
1220 708 1312 738 esse
1336 693 1591 756 putandum
1616 707 1710 741 est:

257 817 269 819 ·-
303 781 347 828 Si
372 782 521 828 minus
545 800 637 829 esse
662 795 824 847 potest,
863 801 1002 847 quam
1026 783 1152 847 quod
1176 783 1288 830 nihil
1313 802 1405 832 esse
1430 785 1652 833 videmus.
1834 806 1932 851 940

304 876 453 940 Major
478 875 600 923 enim
625 876 765 923 turbae
791 876 1000 941 disjectus
1033 877 1236 924 materiai

305 970 608 1035 Consequitur
633 971 752 1028 let03
791 990 873 1019 nec
899 972 1139 1037 quisquam
1165 974 1422 1039 expergitus
1446 988 1600 1034 exstat,

305 1063 483 1128 Frigida
507 1083 647 1129 quem
673 1065 811 1112 semel
837 1079 902 1113 est
927 1065 1040 1112 vita'i'
1067 1085 1204 1131 pausa
1228 1082 1432 1132 sequuta.

377 1346 606 1412 Denique,
645 1346 680 1393 si
706 1365 870 1395 vocem
894 1366 1044 1396 rerum
1069 1352 1247 1397 Natura
1272 1364 1455 1416 repente

309 1441 480 1499 Mittat,
518 1454 564 1488 et
587 1441 717 1488 hocc’
745 1441 913 1507 aliquoi
938 1443 1141 1490 nostrum
1166 1443 1227 1490 sic
1252 1442 1451 1508 increpet
1476 1443 1597 1510 ipsa:
1837 1463 1932 1510 945

313 1545 342 1567 “
369 1535 495 1590 Quid
520 1535 600 1582 tibi
626 1548 751 1582 tanto
775 1553 910 1600 opere
935 1550 1015 1593 est,
1054 1536 1273 1593 Mortalis,
1313 1538 1437 1601 quod
1462 1538 1595 1584 nimis
1620 1539 1744 1604 aegris

316 1638 343 1659 ‘⁶
371 1627 591 1676 Luctibus
617 1627 857 1692 indulges?
897 1627 1023 1681 Quid
1047 1642 1240 1676 mortem
1265 1629 1510 1694 congemiS‚
1549 1649 1599 1677 ac
1625 1631 1739 1679 fies?

317 1732 345 1753 “
372 1726 512 1779 Nam,
550 1734 728 1786 gratum
754 1720 887 1768 fuerit
912 1720 992 1767 tibi
1016 1721 1109 1768 vita
1134 1736 1236 1769 ante
1261 1736 1372 1781 acta,
1411 1722 1634 1788 priorque,

318 1826 345 1847 “
374 1819 435 1865 Et
461 1835 552 1863 non
578 1814 743 1873 omnia,
782 1829 1017 1880 pertusum
1041 1830 1252 1881 congesta
1276 1815 1401 1882 quasi
1426 1815 1474 1863 in
1498 1835 1591 1876 vas,

320 1921 347 1942 “
373 1910 613 1959 Conmoda
637 1909 901 1975 perfluxere,
939 1924 1073 1974 atque
1099 1909 1269 1974 ingrata
1293 1908 1524 1965 interiere3
1840 1928 1938 1974 950

321 2015 349 2035 ‘⁶
376 2008 508 2059 Quur
532 2022 640 2060 non,
681 2016 743 2061 ut,
781 2003 941 2068 plenus
967 2003 1086 2061 vitae,
1125 2001 1333 2060 conviva,
1372 2002 1553 2059 recedis,

322 2108 350 2129 ‘⁶
378 2090 536 2163 AEquo
562 2097 803 2161 animoque
828 2096 947 2162 capis
970 2115 1185 2155 securam,
1224 2097 1372 2155 stulte,
1409 2096 1643 2161 quietem?

296 2395 360 2424 Ver.
379 2401 446 2432 972.
473 2397 494 2411 “
511 2392 577 2430 Why
601 2392 690 2431 quit'st
711 2390 772 2420 thou
795 2398 846 2426 not,
867 2390 926 2420 thou
941 2391 1020 2430 fool!
1040 2390 1080 2420 the
1158 2391 1256 2425 Dicat,
1277 2398 1305 2419 et
1319 2397 1418 2419 exacto
1431 2396 1577 2419 contentus
1591 2396 1714 2427 tempore
1728 2390 1786 2419 υἱέι

441 2443 514 2481 feast
528 2443 561 2480 qs
567 2441 612 2480 lise
1163 2441 1253 2475 Cedat,
1262 2442 1299 2469 uti
1308 2442 1420 2470 conviva
1429 2447 1511 2473 satur,
1522 2439 1637 2477 reperire
1648 2449 1788 2476 queamus.
1797 2440 1871 2469 SAT.
1886 2440 1905 2468 i.
1918 2449 1942 2468 1.

374 2496 394 2511 ‘⁶
409 2492 598 2529 Fill’d,—]
630 2490 744 2520 Horace
766 2491 816 2519 has
837 2501 871 2519 an
891 2491 1027 2521 imitation
1051 2489 1085 2520 of

1160 2505 1289 2534 Whence
1301 2505 1367 2533 thus
1378 2503 1541 2542 unfrequent
1555 2513 1598 2532 see
1615 2515 1655 2533 we
1669 2504 1731 2533 that
1744 2505 1792 2533 the
1807 2515 1877 2538 man,

260 2541 314 2572 this
327 2550 451 2578 passage,
470 2540 498 2568 in
509 2540 556 2569 the
570 2538 714 2578 following
728 2549 832 2568 verses:

1162 2554 1251 2589 Who,
1271 2553 1343 2583 blest
1364 2551 1487 2590 through
1503 2551 1559 2587 life,
1580 2552 1629 2582 has
1651 2553 1763 2582 reach’d
1782 2553 1818 2582 its
1837 2559 1941 2582 utmost

299 2609 383 2641 Unde
396 2608 427 2638 fit
443 2615 474 2638 ut
488 2618 559 2644 raro,
579 2608 627 2647 qui
641 2618 668 2638 se
682 2608 780 2638 vixisse
794 2609 905 2638 beatum
1280 2606 1358 2634 ⁵P³¹¹³
