2139 2906
280 218 357 256 142
830 213 917 255 DE
949 211 1176 257 RERUM
1208 213 1479 261 NATURA.
1822 223 1927 268 Lm.
1949 226 1982 270 L

346 343 574 400 Pl‘aeterea‚
612 359 951 409 qUaeqUOH‘quC
975 361 1001 391 C
1027 342 1142 392 tersa
1166 362 1353 411 COl‘pOI‘a
1377 334 1598 407 CI‘CSCUnt,

345 436 389 484 Si
415 450 519 485 sunt
544 436 590 484 in
616 438 753 497 terris,
792 451 956 487 terram
981 451 1184 487 constare
1209 457 1389 488 necesse
1414 454 1481 492 est

346 533 418 580 Ex
443 532 718 599 alienigenis,
756 552 859 599 quae
885 535 1006 582 terris
1032 533 1308 582 exoriuntur.
1884 545 1983 609 870

343 626 555 675 Transfer
579 627 705 687 item,
744 628 936 677 totidem
960 628 1108 676 verbis
1134 642 1258 677 utare
1285 628 1466 678 licebit:

343 724 398 769 In
421 721 554 788 lignis
579 721 613 769 si
638 723 825 770 flamma
848 723 971 781 latet,
1010 723 1271 789 fumusque,
1311 723 1529 790 cinisque,

340 818 410 864 Ex
435 816 693 883 alienigenis
719 817 964 866 consistant
987 817 1125 883 ligna,
1163 836 1344 866 necesse
1368 831 1435 866 est
1455 839 1468 877 3

340 912 409 960 Ex
434 910 709 978 alienigenis,
747 932 850 978 quae
874 912 1008 979 lignis
1032 912 1310 960 exoriuntur.

408 1005 654 1072 Linquitur
677 1007 779 1055 heic
803 1007 1014 1074 quaedam
1040 1007 1244 1056 latitandi
1269 1007 1401 1074 copia
1433 1008 1595 1067 tenuis,
1881 1017 1976 1079 875

338 1101 407 1159 Id,
446 1103 572 1168 quod
596 1106 886 1169 Anaxagoras
911 1103 994 1151 sibi
1019 1103 1186 1160 sumit3
1224 1116 1275 1151 ut
1308 1103 1520 1152 omnibus
1546 1105 1719 1154 omneis

337 1200 430 1245 Res
454 1211 587 1264 putet
611 1198 820 1246 inmixtas
844 1199 975 1251 rebus
1000 1198 1187 1257 latitare,
1228 1199 1307 1246 sed
1331 1198 1446 1246 illud

335 1291 569 1358 Adparere
594 1311 755 1352 unum,
792 1292 957 1359 quoius
983 1293 1072 1342 sint
1098 1293 1296 1361 plurima
1319 1292 1475 1352 mixta,

334 1389 397 1435 Et
421 1388 562 1454 magis
588 1388 635 1436 in
659 1402 893 1455 promptu,
932 1388 1172 1455 primaque
1197 1388 1244 1437 in
1270 1388 1432 1447 fronte,
1471 1387 1645 1437 locata:

335 1485 477 1539 Quod
501 1498 654 1533 tamen
678 1504 704 1532 a
728 1485 836 1534 vera
859 1485 995 1551 longe
1020 1484 1193 1534 ratione
1218 1484 1452 1552 repulsum
1477 1497 1557 1532 est.
1877 1490 1975 1536 880

335 1580 650 1628 Conveniebat
673 1579 799 1628 enim
823 1579 973 1646 fruges
998 1598 1185 1646 quoque
1211 1598 1343 1646 saepe,
1382 1578 1548 1627 minaci

334 1674 519 1723 Robore
544 1693 688 1741 quom
712 1666 759 1723 in
785 1674 874 1722 saxi
900 1674 1184 1740 franguntur,
1223 1674 1401 1721 mittere
1419 1673 1604 1739 signum

324 1768 587 1834 Sanguinis,
626 1782 703 1817 aut
727 1768 912 1835 aliquid,
952 1781 1105 1816 nostro
1128 1786 1230 1834 quae
1255 1785 1443 1834 corpore
1468 1766 1678 1815 aluntur:

335 1864 495 1918 Quom
518 1864 718 1930 lapidem
743 1864 790 1911 in
815 1863 1015 1930 lapidem
1040 1862 1239 1921 terimus,
1278 1879 1459 1911 manare
1484 1879 1720 1910 cruoremz

335 1958 578 2008 Consimili
603 1959 772 2008 ratione
796 1960 944 2007 herbis
968 1977 1168 2026 quoque,
1207 1976 1324 2024 saepe
1359 1956 1546 2005 decebat

334 2055 395 2101 Et
418 2053 559 2102 laticis
584 2054 753 2102 dulceis
777 2068 942 2120 guttas,
980 2051 1206 2117 similique
1231 2067 1387 2116 sapore
1871 2052 1930 2099 88
1942 2065 1966 2112 5

334 2147 533 2207 Mittere,
572 2148 780 2214 lanigerae
804 2148 957 2215 quales
983 2159 1087 2195 sunt
1110 2146 1248 2193 ubere
1273 2143 1427 2192 lactis:

335 2242 541 2301 Scilicet3
578 2255 624 2290 et
647 2242 790 2308 glebis
815 2256 1031 2291 terrarum
1057 2258 1173 2306 saepe
1197 2238 1334 2286 friatis

303 2476 392 2513 Ver-9
396 2484 410 2513 3
416 2484 441 2512 7.
454 2475 510 2505 But
518 2475 585 2509 here,
594 2474 635 2504 the
643 2474 721 2513 ready
730 2472 1091 2513 answer‚fram’dquore‚]

262 2525 335 2554 This
349 2525 426 2563 reply
441 2525 473 2553 of
485 2526 671 2564 Anaxagoras
690 2525 744 2553 and
758 2524 800 2552 lus
815 2524 942 2562 disciples
961 2524 1010 2551 has
1023 2523 1092 2551 been

262 2574 372 2603 noticed
386 2574 423 2610 by
435 2574 586 2609 Aristotle,
599 2575 626 2602 in
642 2574 689 2603 the
699 2572 844 2612 following
858 2572 1042 2606 observation,
1064 2581 1093 2600 as

260 2620 408 2650 translated
417 2620 455 2658 by
466 2620 602 2650 Gassendi
615 2631 623 2650 :
643 2620 699 2649 Res
709 2627 737 2649 et
746 2631 876 2659 apparere
884 2628 912 2650 et
924 2619 1092 2649 denominari

259 2669 375 2700 invicem
393 2668 548 2699 differentes
568 2670 655 2705 aiunt,
676 2671 710 2699 ab
732 2680 765 2699 eo
780 2671 857 2709 quod
877 2670 904 2700 in
922 2670 1092 2700 infinitorum

1133 2471 1247 2500 mistura
1274 2470 1391 2499 maxime
1415 2468 1549 2498 abundat.
1598 2466 1664 2496 Non
1691 2465 1764 2495 enim
1790 2474 1848 2495 esse
1874 2471 1966 2494 totum

1133 2531 1202 2560 pure
1216 2527 1265 2549 aut
1279 2520 1382 2553 album,
1404 2527 1452 2547 aut
1467 2519 1586 2558 nigrum,
1608 2523 1656 2545 aut
1673 2515 1764 2550 dulce,
1784 2522 1833 2545 aut
1847 2525 1966 2549 carnem,

1131 2578 1180 2600 aut
1204 2580 1235 2599 os
1247 2581 1256 2604 3
1277 2571 1356 2609 cujus
1377 2575 1470 2597 autem
1492 2566 1609 2606 amplius
1630 2565 1848 2604 unumquodque
1870 2564 1964 2597 habet,

1110 2623 1114 2629 ’
1133 2631 1192 2649 eam
1212 2619 1273 2649 talis
1294 2619 1331 2648 rei
1353 2625 1479 2647 naturam
1499 2617 1603 2645 videri:
1627 2620 1646 2635 “
1661 2616 1729 2654 they
1749 2614 1880 2647 contend,
1901 2614 1963 2642 that

1133 2669 1228 2710 things
1241 2668 1361 2707 actually
1375 2678 1488 2707 appear,
1509 2668 1562 2697 and
1584 2666 1673 2699 dei-ive
1692 2665 1763 2694 their
1771 2662 1900 2693 different
1916 2661 1963 2691 de—
