2139 2906
325 196 410 240 286
847 197 934 242 DE
964 198 1188 243 RERUM
1219 198 1486 245 NATURA.
1833 204 1939 249 Lm.
1961 206 2021 249 ΙΙ.

393 324 464 371 Sic
490 323 584 371 aliis
610 323 654 372 in
681 323 811 373 rebus
835 324 946 376 item
970 328 1215 375 conmunia
1239 328 1398 387 multa,

393 416 647 465 Multarum
672 435 821 466 rerum
845 436 988 483 quom
1014 418 1101 466 sint
1125 419 1382 485 primordia,
1420 437 1569 468 rerum
1921 424 2016 484 695

393 507 612 555 Dissimili
638 522 789 557 tamen
814 510 929 558 inter
952 529 998 558 se
1022 512 1260 560 consistere
1284 512 1464 560 summa

392 602 584 648 Possunt
610 620 622 648 ε
660 615 711 648 ut
736 603 896 650 merito
920 621 975 650 ex
999 604 1093 650 aliis
1118 618 1317 652 constare
1342 605 1507 652 feratur

393 694 662 741 Humanum
685 712 842 759 genus,
881 708 925 741 et
950 694 1114 759 frugeS‚
1153 696 1417 760 arbustaque
1443 695 1555 742 laeta.

464 883 565 928 Nec
591 894 743 927 tamen
767 879 1040 927 omnimodis
1065 880 1273 927 connecti
1298 898 1425 946 posse
1451 881 1707 946 putandum
1731 898 1795 930 est

393 973 562 1020 Omnia
583 991 594 1019 :
632 991 737 1020 narn
763 973 902 1037 volgo
928 973 1023 1020 fieri
1051 985 1259 1038 portenta
1284 972 1454 1019 videres
1477 993 1488 1028 ;
1919 993 2016 1038 700

392 1066 625 1114 Semiferas
650 1066 891 1114 hominum
917 1067 1085 1131 species
1110 1065 1330 1123 exsistere,
1368 1079 1414 1113 et
1444 1065 1554 1113 altos

393 1160 628 1208 Interdum
653 1178 796 1207 ramos
821 1178 845 1206 e
869 1159 996 1224 gigni
1025 1177 1213 1225 corpore
1242 1159 1382 1215 viv03

391 1253 633 1318 Multaque
659 1252 866 1300 connecti
891 1252 1108 1300 terrestria
1131 1252 1334 1300 membra
1358 1252 1535 1301 marinis
1563 1272 1574 1300 :

390 1349 531 1403 Tum,
572 1345 803 1394 flammam
829 1358 944 1393 tetro
969 1345 1198 1412 spiranteis
1224 1364 1316 1404 ore,
1357 1346 1603 1395 Chimaeras

392 1442 572 1486 Pascere
598 1451 803 1485 naturam
826 1456 907 1503 per
931 1425 1063 1485 terras
1088 1437 1462 1503 omniparenteis:
1918 1457 2012 1502 705

393 1534 604 1585 Quorum
628 1531 739 1579 nihil
767 1530 863 1577 fieri
888 1530 1178 1578 manifestum
1203 1544 1296 1586 est3
1334 1530 1486 1578 omnia
1509 1531 1704 1595 quando,

392 1624 644 1672 Seminibus
669 1623 796 1670 certis
823 1624 940 1670 certa
965 1623 1189 1687 genetrice
1215 1636 1372 1679 creata,

392 1721 666 1764 Conservare
690 1734 831 1780 genus
856 1715 1097 1762 crescentia
1120 1733 1249 1780 posse
1274 1716 1495 1762 videmus.

393 1809 569 1857 Scilicet
594 1809 640 1855 id
665 1810 783 1855 certa
807 1808 902 1855 fieri
928 1808 1096 1855 ratione
1122 1826 1298 1855 necesse
1323 1821 1388 1855 est
1410 1827 1420 1854 :

392 1905 532 1959 Nam,
572 1920 649 1948 sua
673 1901 886 1966 quoique,
926 1901 1034 1947 cibis
1059 1919 1113 1947 ex
1139 1900 1348 1947 omnibus
1375 1899 1493 1945 intus
1519 1900 1565 1946 in
1591 1914 1706 1945 artus
1919 1913 2014 1960 7'10

394 1999 599 2060 Corpora
623 1993 858 2040 discedunt
885 2014 895 2049 ;
933 2011 1238 2057 connexaque,
1277 1991 1611 2038 convenienteis

392 2088 623 2136 Ecficiunt
649 2100 798 2133 motus
822 2105 832 2132 ε
872 2100 916 2132 at
940 2100 1093 2132 contra
1117 2085 1260 2132 aliena
1282 2084 1490 2131 videmus

392 2181 596 2245 Rejicere
622 2180 667 2226 in
693 2193 822 2225 terras
848 2193 1052 2226 naturam
1074 2199 1085 2235 3
1123 2178 1356 2242 multaque
1382 2177 1507 2224 caecis

394 2272 670 2338 Corporibus
696 2270 878 2334 fugiunt
902 2289 926 2318 e
953 2288 1151 2336 corpore,
1190 2270 1357 2335 percita
1381 2269 1550 2334 plagis3

364 2475 429 2501 Ver.
447 2476 511 2510 718.
534 2474 601 2501 And
612 2474 738 2502 Nature’s
752 2473 896 2512 all-prolific
910 2473 994 2501 womb
1002 2472 1100 2512 propel,
1228 2468 1257 2497 ‘H
1273 2469 1295 2497 δε
1308 2475 1429 2507 Χιμαιραν
1444 2482 1528 2503 ετικτι,
1549 2482 1661 2498 mmmm
1674 2466 1836 2507 αμαιμοινῖετον
1852 2483 1906 2508 §rup-

442 2522 512 2550 With
525 2522 613 2549 breath
627 2522 722 2561 qsfire,
746 2521 1002 2558 Chinzaeras;—-]
1029 2520 1148 2553 Hesiod,
1766 2520 1895 2549 Tanos.
1910 2520 1929 2548 l.
1946 2530 2011 2558 3¹9—

323 2572 349 2598 in
373 2570 420 2598 the
444 2570 513 2598 same
538 2580 659 2604 manner,
683 2571 731 2599 has
752 2571 893 2599 described
917 2571 972 2599 this
997 2569 1149 2608 imaginary
1268 2568 1356 2602 Next,
1370 2568 1417 2596 the
1433 2567 1560 2596 Chimera
1574 2569 1663 2596 rear'd
1678 2569 1735 2603 she,
1756 2569 1902 2607 breathing
1917 2568 1963 2597 fire

323 2624 443 2645 monster
456 2628 462 2644 z
1269 2617 1363 2645 Fierce
1376 2617 1428 2645 and
1443 2617 1659 2654 unquenchable.
