2139 2906
315 205 399 246 306
847 211 933 253 DE
964 212 1188 255 RERUM
1220 214 1487 257 NATURA.
1827 216 1931 258 Lm.
1954 218 2013 259 11.

385 335 600 399 Purpura,
638 336 964 402 poeniceusque
988 339 1113 386 color
1137 339 1402 387 clarissimus
1427 339 1588 396 multe,

385 427 420 471 F
423 425 564 474 ilatim
588 446 731 492 quom
756 429 986 478 distractus
1011 445 1091 490 est,
1130 432 1400 498 disperditur
1425 432 1570 480 omnis
1591 451 1602 479 ε
1824 455 1829 457 ·
1913 437 2011 494 830

385 519 585 566 Noscere
610 535 662 567 ut
687 521 792 570 hinc
816 524 970 588 possis,
1009 524 1131 589 prius
1156 543 1342 572 omnem
1366 525 1525 572 ecflare
1551 525 1749 573 colorem

385 611 637 671 Pardculas,
676 633 814 679 quam
840 615 1069 664 discedant
1094 618 1148 664 ad
1173 617 1343 664 semina
1367 635 1531 665 rerum.

454 707 699 764 Postremo,
738 708 954 773 quoniam
979 728 1070 756 non
1097 709 1250 756 omnia
1272 728 1459 775 corpora
1482 729 1646 758 vocem

383 798 565 845 Mittere
591 800 813 857 concedis,
853 819 1000 866 neque
1025 802 1211 849 odorem
1232 823 1243 859 3
1281 816 1516 868 propterea
1540 804 1606 861 fit,

383 894 448 936 Ut
473 908 564 938 non
589 892 799 940 omnibus
825 894 1044 941 adtribuas
1071 894 1253 952 sonitus,
1292 909 1336 943 et
1361 897 1547 943 odores:
1909 902 1933 946 8
1945 917 1967 959 3
1981 916 2003 961 5

380 981 464 1039 Sic,
503 983 643 1029 oculis
668 984 886 1048 quoniam
911 1004 1003 1032 non
1028 986 1181 1032 omnia
1205 1005 1383 1033 cernere
1408 988 1604 1052 quimus,

381 1076 498 1123 Scire
524 1076 642 1135 licet,
682 1079 890 1142 quaedam
915 1093 1007 1125 tam
1032 1094 1232 1127 constare
1257 1081 1364 1126 orba
1387 1081 1550 1137 colore,

380 1170 533 1221 Quam
559 1170 651 1218 sine
678 1172 813 1219 odore
838 1173 934 1219 ullo
959 1173 1181 1237 quaedam,
1221 1173 1459 1237 sonituque
1485 1187 1682 1220 remota:

380 1261 484 1306 Nec
509 1260 658 1307 minus
683 1261 778 1308 haec
804 1261 1008 1308 animum
1033 1279 1302 1325 cognoscere
1328 1279 1456 1325 posse
1482 1279 1700 1326 sagacem,

378 1356 531 1407 Quam
556 1373 656 1420 quae
681 1369 784 1402 sunt
809 1355 903 1402 aliis
928 1355 1057 1401 rebus
1083 1354 1256 1420 privata
1280 1368 1503 1402 notarum.
1903 1335 2000 1416 840

448 1447 548 1503 Sed,
589 1465 644 1494 ne
671 1446 783 1493 forte
808 1460 954 1512 putes,
993 1446 1088 1493 solo
1113 1446 1299 1510 spoliata
1322 1447 1470 1494 colore

378 1542 579 1604 Corpora
603 1540 747 1604 prima
772 1558 951 1586 manere
973 1560 983 1595 ;
1020 1539 1156 1586 etiam
1179 1553 1342 1586 secreta
1367 1540 1530 1604 teporis

379 1637 504 1690 Sunt,
543 1652 593 1679 ac
620 1633 790 1698 frigoris
816 1633 1017 1689 omnino,
1057 1632 1278 1697 calidique
1303 1633 1507 1698 vaporis3

379 1731 437 1774 Et
461 1728 608 1774 sonitu
634 1727 790 1784 sterila,
830 1741 873 1773 et
900 1745 1007 1773 suco
1024 1727 1194 1791 jejuna,
1234 1726 1464 1782 feruntur3

378 1824 481 1868 Nec
499 1820 674 1884 jaciunt
699 1819 846 1866 ussum
872 1818 1105 1884 proprium
1131 1819 1186 1865 de
1212 1837 1396 1884 corpore
1421 1820 1620 1866 odorem.
1901 1824 1963 1880 84
1969 1838 1994 1882 5

378 1915 447 1961 Sic
473 1928 523 1961 ut
547 1913 783 1960 amaracini
808 1913 1027 1959 bEandum
1052 1925 1289 1976 stactaeque
1314 1912 1550 1976 liquorem,

380 2012 441 2056 Et
466 2008 589 2055 nardi
616 2008 789 2063 florem,
830 2021 979 2052 nectar
1003 2005 1090 2070 quir
1108 2005 1282 2052 naribus
1307 2004 1439 2060 halat,

379 2106 535 2156 Quom
562 2099 703 2145 facere
729 2097 929 2144 instituas
952 2118 962 2152 ;
1000 2115 1105 2143 cum
1132 2097 1286 2161 primis
1311 2115 1505 2161 quaerere
1530 2115 1607 2162 par
1633 2111 1712 2153 est,

349 2336 412 2364 Ver.
430 2336 495 2370 849.
518 2334 579 2361 IVor
592 2331 657 2360 deem
666 2329 823 2369 primorfial
837 2327 905 2356 seed:
919 2325 1014 2355 tle-void
1025 2325 1095 2353 alone
1172 2323 1333 2360 apparently
1347 2323 1498 2360 appertain,
1520 2332 1548 2350 as
1561 2322 1608 2350 the
1623 2321 1729 2358 quality
1739 2319 1773 2348 of
1783 2320 1901 2349 colom-s.
1944 2322 1995 2350 See

426 2385 466 2422 Os
480 2383 537 2411 hues
547 2382 689 2420 prismatic.
720 2379 792 2407 Heu!
805 2377 860 2406 and
870 2376 929 2405 cold
938 2387 1033 2407 severe,
1057 2374 1129 2410 &c.]
1173 2379 1236 2399 note
1252 2382 1286 2400 on
1301 2383 1355 2400 ver.
1373 2381 1429 2408 740
1442 2370 1474 2399 of
1485 2371 1532 2398 the
1546 2377 1653 2408 present
1667 2368 1753 2396 book.

311 2435 423 2471 Having
447 2430 641 2467 incontestibly
669 2428 782 2467 proved,
809 2427 869 2455 that
893 2425 1001 2454 colours
1024 2424 1060 2451 do
1084 2429 1132 2450 not

307 2484 397 2511 inhers
423 2483 448 2509 in
474 2482 520 2509 the
545 2481 703 2508 substances
727 2478 818 2505 which
843 2475 931 2504 excite
956 2474 1004 2502 the
1027 2473 1133 2500 various
1212 2470 1278 2498 Ver.
1302 2471 1367 2508 855.
1402 2469 1514 2497 Drawn
1533 2468 1607 2505 from
1634 2465 1674 2494 the
1691 2467 1822 2505 fragrant
1848 2464 1925 2499 nard,
1955 2464 1995 2492 the

309 2535 410 2570 images
431 2532 483 2558 and
505 2530 652 2558 sensations
667 2528 699 2556 of
710 2528 828 2559 colours,
850 2536 900 2553 our
914 2530 980 2562 poet
995 2533 1056 2551 now
1070 2531 1134 2559 pro·
1423 2517 1502 2545 dulcet
1509 2523 1615 2553 powers

308 2582 386 2610 ceeds
410 2580 540 2617 cursorily
563 2587 592 2607 to
617 2579 717 2610 notice,
739 2578 800 2605 that
824 2576 860 2603 all
883 2574 963 2602 other
984 2572 1133 2607 secondary
1290 2569 1330 2606 Of
1337 2566 1484 2603 marjoram,
1504 2564 1559 2592 and
1569 2563 1666 2601 myrrh,
1748 2564 1763 2600 ]
1801 2563 1881 2590 Thus
1893 2568 1993 2614 ⁸trans-

919 2630 950 2651 to
959 2621 1050 2650 which
1064 2619 1131 2656 they
1170 2616 1245 2645 lated
1257 2616 1296 2654 by
1307 2615 1353 2644 De
1365 2615 1503 2643 Coutures
1517 2623 1524 2641 :
1539 2612 1666 2648 Lorsque
1675 2622 1742 2640 vous
1753 2610 1849 2639 voulez
1865 2609 1928 2637 farre
1940 2619 1991 2636 une

308 2630 432 2668 qualities
446 2639 488 2657 are
504 2639 531 2656 as
545 2635 648 2656 remote
663 2627 733 2654 from
747 2626 795 2654 the
809 2624 904 2653 bodies
