2139 2906
283 212 366 251 334
812 204 901 247 DE
930 203 1155 246 RERUM
1187 201 1453 246 NATURA.
1793 200 1898 244 Lm.
1919 202 1980 244 11.

358 332 624 384 Consimilis
644 352 656 390 ;
693 349 856 380 verum
882 330 1082 398 positura
1105 330 1395 396 discrepitant
1419 346 1515 376 res:

359 427 431 474 Sic
455 426 559 492 ipsis
584 425 631 473 in
654 425 784 472 rebus
809 424 918 471 item
935 424 1034 489 jam
1058 423 1261 471 materia‘r'

362 520 617 578 Intervalla,
655 519 755 577 viae,
793 536 1035 575 connexus,
1073 517 1285 582 pondera,
1324 517 1484 582 plagae,

364 618 636 673 Concursus,
675 628 840 672 motuS‚
877 614 1002 671 ordo,
1040 612 1251 678 positura,
1290 611 1446 676 figurae
1858 626 1988 657 1020

367 709 524 761 Quom
550 719 876 773 permutantur,
915 703 1077 751 mutari
1102 721 1168 750 res
1192 720 1376 767 quoque
1401 701 1581 748 debent.

438 803 580 848 Nunc
605 800 809 847 animum
834 798 962 845 nobis
987 796 1149 844 adhibe
1173 814 1327 843 veram
1351 797 1407 843 ad
1431 796 1677 844 rationem:

371 894 497 939 Nam
523 892 603 938 tibi
629 892 920 938 vehementer
944 908 1063 937 nova
1087 907 1153 936 res
1179 889 1362 936 molitur
1386 889 1442 935 ad
1467 889 1605 936 aureis

372 986 614 1042 Adcidere‚
651 1000 695 1033 et
721 1004 840 1032 nova
864 1003 908 1031 se
933 983 1100 1049 species
1125 983 1367 1030 obtendere
1392 1001 1554 1030 rerum.

375 1081 461 1127 Sed
486 1098 634 1145 neque
658 1094 753 1126 tam
778 1078 916 1125 facilis
942 1095 1008 1125 res
1032 1077 1125 1124 ulla
1148 1091 1228 1134 est,
1266 1076 1377 1142 quin
1401 1095 1454 1124 ea
1477 1077 1677 1142 primum
1865 1093 1991 1138 1025

376 1171 591 1221 Difficilis
616 1171 757 1236 magis
781 1171 838 1217 ad
862 1171 1144 1218 credundum
1169 1184 1369 1226 constet3
1407 1170 1605 1235 itemque

378 1267 510 1315 Nihil
535 1268 646 1315 adeo
671 1285 904 1332 magnum,
944 1284 1090 1330 neque
1116 1279 1209 1312 tam
1234 1265 1434 1312 mirabile
1458 1264 1723 1329 quidquam,

380 1362 520 1415 Quod
545 1379 637 1408 non
661 1360 896 1426 paullatim
921 1359 1126 1407 minuant
1150 1358 1344 1406 mirarier
1369 1376 1539 1405 omnes·

452 1454 692 1520 Principio,
731 1454 836 1501 coeli
861 1454 1030 1500 clarum
1056 1471 1313 1518 purumque
1338 1452 1550 1509 colorem,

383 1551 629 1613 Quemque
654 1547 699 1594 in
724 1566 768 1594 se
793 1547 1004 1594 cohibent
1029 1545 1222 1611 palantia
1248 1546 1391 1592 sidera
1415 1545 1592 1610 passim,
1874 1562 1932 1592 10
1941 1561 2003 1607 30

385 1644 671 1704 Lunamque,
710 1652 754 1685 et
779 1637 879 1685 solis
904 1636 1113 1702 praeclara
1136 1637 1236 1683 luce
1262 1637 1453 1683 nitorem
1474 1655 1485 1683 z

388 1733 556 1780 Omnia
580 1751 680 1796 quae
706 1749 826 1778 nunc
852 1731 886 1777 si
911 1730 1110 1796 primum
1136 1729 1394 1777 mortalibus
1420 1743 1578 1787 essent,

389 1830 461 1875 Ex
488 1826 715 1892 inproviso
741 1825 774 1871 si
800 1825 886 1871 sint
911 1825 1087 1888 objecta
1110 1838 1293 1889 repente
1315 1843 1325 1878 3

392 1922 518 1977 Quid
543 1902 683 1986 magis
708 1921 791 1967 hiis
817 1920 945 1966 rebus
973 1932 1145 1985 poterat
1172 1918 1370 1965 mirabile
1397 1917 1499 1973 dici,

393 2019 492 2062 Aut
518 2014 665 2061 minus
690 2028 793 2060 ante
818 2013 942 2078 quod
967 2014 1181 2060 auderent
1207 2012 1300 2059 fore
1326 2011 1502 2058 credere
1527 2025 1681 2075 gentes
1702 2014 1716 2057 ?
1883 2028 1972 2071 103
1982 2029 2008 2072 5

395 2106 526 2154 Nihil
551 2119 601 2152 ut
627 2106 814 2171 opinor3
852 2106 911 2152 ita
934 2106 1030 2152 haec
1055 2105 1220 2170 species
1246 2105 1447 2152 miranda
1470 2104 1622 2150 fuisset
1643 2122 1654 2150 t

397 2201 565 2254 Quam,
603 2197 683 2244 tibi
699 2198 796 2262 jam
822 2215 971 2254 nemo,
1011 2197 1147 2244 fessus
1173 2198 1323 2244 satiate
1348 2195 1547 2252 videndi,

398 2291 658 2358 Subspicere
685 2290 728 2337 in
755 2290 858 2337 coeli
885 2290 1092 2356 dignatur
1118 2290 1265 2337 lucida
1290 2289 1472 2354 templa.

370 2511 436 2540 Ver.
457 2520 506 2547 ¹03
516 2522 522 2537 ι
531 2530 537 2538 .
563 2510 635 2539 ‘Thus
645 2511 737 2547 change
749 2509 866 2537 material
873 2507 954 2547 things
968 2520 977 2537 :
992 2508 1161 2548 theirprimal
1197 2508 1316 2546 position
1329 2520 1380 2537 our
1393 2516 1458 2547 poet
1472 2509 1520 2537 has
1530 2508 1650 2537 likexvise
1666 2510 1718 2537 had
1730 2511 1854 2538 occasion
1867 2518 1897 2539 to
1909 2510 1978 2540 refer
1991 2519 2021 2539 to

488 2558 554 2587 seed:
1197 2557 1301 2586 before.
1344 2558 1395 2587 See
1410 2568 1464 2586 ver.
1478 2567 1547 2596 734,
1561 2558 1592 2586 of
1604 2559 1651 2587 the
1665 2559 1742 2587 book
1756 2558 1848 2588 before
1864 2570 1904 2589 us.

450 2608 482 2636 Iu
497 2609 564 2641 scite,
575 2609 718 2641 connexion,
732 2608 846 2637 interval
856 2609 974 2648 ofspace,
991 2607 1061 2644 &c.]
1086 2606 1158 2635 This
1685 2603 1691 2606 ⁸
