2139 2906
259 192 340 231 482
787 189 873 231 DE
904 189 1130 231 RERUM
1162 189 1431 231 NATURA.
1750 189 1855 232 Lm.
1879 192 1963 237 111.

333 318 534 382 Corpora
560 330 677 373 sunt,
716 336 913 382 quorum
939 330 1144 365 naturam
1172 316 1459 364 obtendimus
1481 328 1612 371 ante3

332 413 432 456 Aut
457 409 560 458 ideo
586 411 742 459 durare
768 425 947 460 aetatem
972 431 1101 478 posse
1126 431 1206 478 per
1232 430 1433 470 omnem,

334 503 573 569 Plagarum
599 505 705 570 quia
730 520 832 553 sunt
858 506 1069 571 expertia,
1109 506 1170 553 sic
1195 520 1247 553 ut
1272 507 1402 553 inane
1428 519 1494 554 est
1515 526 1526 562 3

335 596 476 649 Quod
501 612 652 644 manet
678 596 914 654 intactum,
953 614 1101 661 neque
1127 596 1182 642 ab
1209 595 1300 642 ictu
1328 595 1532 660 fungitur
1557 595 1732 642 hilum:

332 694 433 737 Aut
458 690 593 737 etiam
619 690 725 756 quia
750 690 875 737 nulla
899 690 987 737 loci
1013 689 1067 737 sit
1093 689 1223 755 copia
1248 689 1434 746 circum,
1870 695 1965 753 815

335 787 443 838 Quo
468 783 594 849 quasi
620 802 685 831 res
712 784 886 851 possint
912 784 1152 842 discedere,
1192 782 1495 847 dissoluique3

335 880 409 929 Sic
434 879 501 927 uti
527 898 808 928 summarum
833 899 1011 927 summa
1035 894 1100 926 est
1126 893 1302 936 aeterna,
1341 897 1488 944 neque
1513 891 1634 925 extra

335 973 449 1027 Quis
474 974 600 1021 locus
625 987 706 1032 est,
745 992 838 1039 quo
865 973 1134 1038 diffugiant3
1173 991 1320 1038 neque
1347 991 1533 1038 corpora
1558 987 1676 1031 sunt,
1715 993 1816 1039 quae

335 1067 510 1114 Possint
542 1067 753 1125 incidere,
793 1081 837 1114 et
863 1066 1012 1113 valida}
1038 1066 1279 1113 dissolvere
1304 1066 1436 1131 plagii
1458 1085 1469 1113 z

333 1170 402 1212 At
425 1184 588 1231 neque,
628 1166 721 1213 utei
748 1167 898 1225 docui,
938 1167 1081 1215 solido
1108 1187 1214 1216 cum
1240 1186 1427 1233 corpore
1453 1169 1616 1215 mentis
1871 1174 1969 1219 820

334 1263 512 1308 Natura
535 1275 616 1319 est,
655 1261 873 1327 quoniam
898 1262 1152 1310 admixtum
1177 1278 1242 1310 est
1268 1263 1314 1310 in
1339 1262 1469 1310 rebus
1495 1262 1626 1310 inane
1648 1282 1659 1309 :

335 1357 439 1402 Nec
465 1369 615 1403 tamen
642 1369 707 1403 est
732 1371 783 1403 ut
809 1357 967 1414 inane3
1006 1375 1154 1422 neque
1179 1371 1333 1405 autem
1358 1374 1545 1422 corpora
1569 1357 1745 1415 desunt,

336 1452 409 1497 Ex
434 1449 614 1498 infinito
639 1470 740 1516 quae
766 1452 936 1518 possint
961 1452 1075 1500 forte
1101 1467 1254 1501 coorta

337 1546 552 1592 Proruere
577 1546 693 1593 hanc
720 1547 882 1594 mentis
907 1548 1111 1595 violento
1135 1549 1314 1595 turbine
1339 1549 1524 1605 molem,

339 1641 438 1687 Aut
464 1640 596 1687 aliam
621 1659 760 1705 quam
785 1641 852 1687 vis
878 1641 1054 1688 cladem
1080 1641 1303 1707 inportare
1329 1641 1485 1707 pericli
1510 1660 1520 1688 ε
1874 1647 1968 1704 825

339 1737 443 1781 Nec
469 1753 601 1800 porro
627 1749 786 1782 natura
810 1735 912 1793 loci,
952 1736 1239 1802 spatiumque
1266 1735 1495 1801 profundi,

339 1829 525 1885 Deficit,
565 1828 767 1894 exspargi
792 1847 885 1894 quo
911 1830 1049 1894 possit
1075 1830 1142 1876 vis
1167 1830 1351 1886 animai,

340 1924 438 1967 Aut
465 1921 548 1968 aha}
573 1923 662 1985 quai
688 1921 754 1967 vis
780 1920 918 1987 possit
945 1921 990 1967 vi
1016 1921 1145 1986 pulsa
1168 1920 1340 1986 perire:

341 2017 479 2063 Haud
503 2016 638 2081 igitur
664 2016 739 2062 iet}
766 2016 981 2081 praeclusa
1005 2030 1069 2063 est
1088 2017 1228 2080 janua
1253 2014 1410 2062 menti.

411 2109 566 2166 Quod,
606 2108 639 2154 si
667 2108 779 2155 forte
806 2108 907 2155 ideo
934 2109 1077 2174 magis
1103 2107 1350 2156 inmortalis
1374 2107 1579 2155 habenda
1603 2123 1683 2166 est,
1876 2114 1973 2170 830

342 2205 481 2258 Quod
508 2203 716 2250 vitalibus
743 2203 797 2249 ab
822 2203 966 2261 rebus,
1007 2202 1195 2260 munita,
1235 2216 1443 2258 tenetur3

313 2409 379 2436 Ver.
395 2409 461 2436 802.
485 2408 518 2435 So
539 2408 565 2434 in
586 2405 627 2434 the
650 2406 730 2434 bosom
754 2405 828 2438 lives,
849 2404 905 2432 and
921 2402 990 2431 there
1003 2402 1101 2440 alone‚]
1185 2403 1252 2431 Ver.
1271 2403 1337 2439 840.
1454 2412 1526 2442 gates
1541 2403 1685 2442 ofdeath]
1705 2404 1767 2433 Our
1778 2411 1843 2442 poet
1855 2405 1877 2433 is
1891 2404 1975 2433 much

392 2459 469 2486 Mixt
492 2456 559 2485 with
583 2457 615 2484 its
640 2456 720 2489 blood,
748 2455 803 2483 and
827 2466 927 2487 mrves,
960 2452 1000 2481 the
1029 2461 1106 2481 secret
1146 2453 1276 2480 attached
1290 2459 1320 2480 to
1340 2453 1394 2481 this
1409 2452 1507 2490 figure,
1528 2453 1619 2481 which
1641 2453 1663 2481 is
1683 2453 1790 2491 strictly
1804 2453 1838 2481 of
1851 2453 1975 2481 Hebrew

430 2506 533 2543 mind:]
553 2506 608 2534 For
619 2506 666 2534 the
676 2505 790 2533 motives
802 2504 893 2532 which
905 2503 1022 2531 induced
1037 2502 1105 2540 Epi·
1145 2502 1246 2540 origin,
1268 2503 1321 2530 and
1335 2510 1365 2531 to
1382 2502 1472 2530 which
1488 2502 1536 2530 the
1555 2502 1680 2531 Hebrew
1696 2503 1777 2532 bards
1791 2513 1835 2531 are
1849 2514 1878 2531 as
1892 2502 1976 2531 much

273 2568 355 2585 curus
376 2557 428 2584 and
451 2556 601 2584 Lucretius
620 2564 651 2585 to
676 2556 753 2594 piace
775 2556 823 2583 the
848 2555 985 2583 existence
1006 2554 1039 2582 of
1057 2554 1104 2582 the
1146 2552 1276 2580 attached
1297 2563 1325 2580 as
1339 2551 1455 2580 himself.
1499 2552 1512 2579 I
1534 2551 1602 2580 have
1623 2552 1703 2590 given
1724 2563 1776 2581 one
1798 2553 1918 2581 instance
1946 2551 1979 2579 of

273 2605 616 2639 niindix1thebos0nx‚see
632 2613 829 2633 noteonwrse
845 2601 1103 2631 rocofthisbook.
1144 2602 1201 2630 this
1232 2602 1395 2639 parallelism
1424 2601 1495 2629 from
1524 2601 1590 2638 Job,
1630 2602 1656 2629 in
1683 2602 1790 2640 ciosing
1820 2602 1866 2630 the
1897 2608 1976 2630 notes
