2139 2906
313 197 395 233 320
846 191 930 232 DE
963 190 1188 233 RERUM
1220 191 1488 234 NATURA.
1830 194 1934 236 L113.
1956 194 2015 236 ΙΙ.

384 321 491 369 Nec
516 338 676 367 manus
702 338 727 366 a
751 319 878 367 nobis
904 319 1022 385 potis
1047 332 1112 366 est
1137 333 1316 378 secreta,
1355 338 1503 385 neque
1528 319 1619 366 ulla

386 414 598 481 Corporis
623 414 812 462 omnino
836 432 1016 461 sensum
1040 433 1140 480 pars
1166 414 1258 462 sola
1282 428 1447 462 tenere.

387 507 645 574 Linquitur,
684 521 735 554 ut
760 509 863 554 totis
888 508 1154 555 animalibus
1184 509 1520 565 adsimilentur3

386 602 529 650 Vitali
553 616 604 650 ut
630 603 800 669 possint
824 602 1076 650 consentire
1101 602 1304 668 undique
1330 621 1475 665 sensu.

389 700 483 751 Qui
509 710 722 763 poterunt
747 697 883 762 igitur
908 714 1057 744 rerum
1083 697 1328 763 primordia
1352 697 1454 755 dici,
1923 718 2017 762 915

388 794 449 839 Et
474 792 551 840 leti
576 792 716 839 vitare
742 791 850 849 vias,
889 790 1098 837 animalia
1121 808 1264 855 quom
1290 788 1391 846 sint,

390 889 563 951 Atque,
590 885 855 932 animalibus
882 884 928 932 in
953 884 1229 942 mortalibus,
1268 902 1358 931 una
1381 884 1631 949 eademque
1652 886 1666 931 ἓ

420 1096 425 1099 ‘
460 1076 600 1129 Quod
626 1089 776 1122 tamen
803 1087 854 1121 ut
880 1074 1065 1139 possint,
1105 1074 1160 1121 ab
1187 1088 1308 1120 coetu
1337 1072 1620 1138 concilioque

392 1169 524 1217 Nihil
550 1169 715 1217 facient
740 1183 897 1235 praeter
921 1170 1115 1234 volgum
1140 1169 1408 1233 turbamque
1433 1168 1744 1216 animantum:

393 1264 584 1323 Scilicet,
625 1278 674 1311 ut
700 1278 926 1330 nequeant
951 1264 1172 1322 homines,
1212 1277 1425 1321 armenta,
1464 1263 1673 1329 fereeque,
1926 1282 2024 1326 920

394 1362 515 1406 Inter
541 1377 632 1406 sese
659 1359 799 1406 ullam
825 1378 919 1406 rem
944 1358 1129 1424 gignere
1155 1356 1493 1404 conveniundo,

395 1453 465 1501 Sic
491 1453 662 1511 itidem,
702 1455 791 1518 qua
817 1453 1047 1509 sentimus,
1088 1451 1248 1499 sentire
1274 1470 1452 1500 necesse
1477 1466 1556 1498 est.

466 1547 621 1604 Quod,
660 1546 694 1593 si
721 1547 833 1593 forte
860 1565 993 1593 suum
1019 1545 1255 1592 dimittunt
1280 1563 1466 1610 corpore
1491 1563 1684 1602 sensum,

395 1646 553 1706 Atque
579 1640 719 1688 alium
744 1639 957 1705 capiunt3
995 1638 1106 1704 quid
1132 1657 1246 1704 opus
1271 1638 1358 1685 fuit
1383 1637 1573 1684 adtribui
1600 1638 1660 1696 id,
1698 1640 1823 1703 quod

399 1734 694 1782 Detrahitur?
733 1736 861 1781 Tum
887 1745 1110 1798 praeterea,
1150 1748 1243 1795 quo
1269 1729 1470 1794 fugimus
1496 1742 1612 1786 ante,
1926 1745 2020 1789 925

398 1828 503 1882 Qua
528 1842 656 1875 tenus
682 1827 728 1874 in
755 1826 903 1893 pullos
930 1824 1156 1873 animaleis
1182 1823 1347 1870 vortier
1371 1841 1458 1869 ova

334 1973 336 1975 ,
401 1923 643 1971 Cernimus
669 1922 876 1981 alituum,
916 1920 1198 1985 vermeisque
1223 1919 1461 1974 ecfervere,
1501 1930 1660 1963 terram

401 2015 750 2081 Intempestivos
775 2033 918 2079 quom
945 2027 1081 2080 putor
1106 2012 1226 2077 cepit
1250 2011 1307 2058 ob
1333 2008 1539 2064 imbreis;

375 2502 440 2529 Ver.
457 2511 522 2538 943.
732 2502 807 2539 from
822 2500 862 2529 the
878 2512 964 2529 worm
971 2501 1083 2538 scr-ment
1201 2498 1282 2536 again
1298 2496 1454 2529 Thomson,
1476 2494 1530 2523 still
1543 2492 1668 2532 evincing
1689 2495 1736 2523 the
1756 2504 1827 2522 same
1851 2493 1974 2522 doctrine
1997 2492 2030 2521 of

454 2550 494 2586 Of
512 2548 596 2577 earths
606 2556 760 2587 putrescent,
775 2549 805 2587 by
819 2548 859 2577 the
871 2548 955 2577 clouds
969 2546 1097 2580 bedew'd‚
1202 2554 1386 2586 spontaneous
1401 2545 1506 2582 vitality
1520 2556 1526 2572 :
1751 2542 1755 2544 ’

455 2596 508 2626 The
520 2600 616 2626 vermin
627 2600 724 2628 nations
735 2600 794 2634 rise,
807 2598 873 2627 with
883 2598 940 2627 soul
946 2597 1062 2636 repleta]
1079 2595 1161 2624 Thus

1514 2594 1584 2623 from
1599 2594 1646 2623 the
1661 2604 1783 2632 swampy
1796 2593 1855 2622 fens
