2139 2906
291 205 372 243 224
808 206 893 248 DE
924 205 1149 248 RERUM
1181 206 1447 249 NATURA.
1541 225 1550 232 ··
1801 209 1987 251 L1n.11.

361 330 466 375 Nec
491 329 635 377 simile
660 345 739 389 est,
778 346 829 379 ut
854 351 1010 398 quom,
1047 333 1254 399 inpulsei,
1292 333 1579 399 procedimus
1604 333 1710 390 ictu,

363 421 547 469 Viribus
573 423 751 471 alterius
777 426 965 491 magnis,
1004 444 1263 492 magnoque
1289 440 1446 474 coactu
1469 448 1480 484 ;

363 517 489 563 Nam
515 531 616 564 tum
640 518 873 566 materiem
898 519 1034 565 totius
1059 519 1255 584 corporis
1281 538 1466 567 omnem

363 608 658 673 Perspicuum
683 623 748 656 est
774 610 901 656 nobis
926 610 1077 657 invitis
1103 611 1179 667 ire,
1218 610 1417 676 rapique,
1898 629 1988 674 275

362 702 525 748 Donec
550 720 650 749 eam
675 703 914 751 refrenavit
938 722 1017 768 per
1042 704 1244 750 membra
1269 704 1492 751 voluntas.

361 795 523 859 Jamne
549 794 673 841 vides
699 795 848 860 igitur,
888 813 1165 859 quamquam
1192 795 1259 842 vis
1285 808 1430 842 extera
1456 796 1622 843 multos

363 887 519 944 Pellat,
558 902 603 935 et
629 888 793 935 invitos
817 902 949 953 cog-at
974 888 1214 953 procedere
1240 907 1370 954 saepe,

365 981 707 1047 Praecipitesque
734 982 856 1048 rapi3
894 996 1047 1029 tamen
1071 1000 1163 1028 esse
1190 981 1235 1028 in
1260 996 1441 1047 pectore
1466 996 1617 1030 nostro

365 1075 612 1133 Quiddam,
652 1077 777 1141 quod
803 1089 956 1123 contra
980 1093 1196 1141 pugnare,
1236 1075 1514 1140 obstareque,
1553 1076 1719 1141 possit:
1898 1079 1994 1123 280

365 1168 542 1221 Quoius
568 1169 623 1215 ad
649 1169 881 1216 arbitrium
906 1187 1089 1234 quoque
1115 1169 1246 1233 copia
1270 1167 1474 1215 materiai

365 1261 557 1326 Cogitur
582 1262 809 1309 interdum
835 1262 957 1309 flecti
984 1280 1064 1328 per
1089 1261 1305 1318 membra,
1345 1279 1425 1326 per
1449 1275 1595 1317 artus3

367 1355 429 1400 Et
454 1355 651 1419 projecta
678 1354 935 1411 refrenatur,
975 1369 1182 1418 retroque
1207 1352 1390 1400 residit?

366 1449 471 1500 Qua
495 1466 555 1505 re,
595 1448 641 1495 in
666 1448 910 1495 seminibus
935 1465 1119 1512 quoque
1144 1446 1267 1493 idem
1292 1446 1468 1504 fateare,
1508 1465 1684 1494 necesse
1710 1461 1803 1503 est3

366 1543 474 1587 Esse
498 1541 645 1599 aliam,
684 1555 843 1607 praeter
868 1542 1019 1606 plagas
1045 1555 1089 1587 et
1113 1541 1326 1605 pondera,
1366 1559 1566 1587 caussam
1903 1543 1958 1588 28
1968 1554 1993 1600 5

366 1634 587 1692 Motibus,
626 1634 748 1681 unde
773 1634 868 1680 haec
894 1647 958 1680 est
984 1633 1082 1680 ollis
1109 1633 1259 1680 innata
1282 1645 1475 1697 potestas
1496 1652 1506 1679 ε

369 1730 442 1774 De
468 1728 609 1774 nihilo
634 1726 850 1792 quoniam
876 1726 972 1773 fieri
998 1725 1109 1772 nihil
1133 1743 1260 1790 posse
1287 1725 1508 1771 videmus.

370 1823 550 1869 Pondus
576 1822 697 1869 enim
723 1822 947 1888 prohibet,
987 1839 1042 1867 ne
1067 1819 1209 1886 plagis
1235 1818 1387 1866 onmia
1412 1818 1535 1873 fiant,

369 1918 567 1963 Externa
591 1916 715 1981 quasi
741 1915 817 1962 vi:
856 1916 947 1972 sed,
986 1933 1042 1961 ne
1068 1931 1194 1960 mens
1220 1912 1315 1978 ipsa
1339 1930 1571 1959 necessum

369 2011 641 2058 Intestinum
666 2010 825 2057 habeat
851 2009 1023 2056 cunctis
1049 2009 1094 2055 in
1120 2008 1250 2054 rebus
1275 2004 1477 2069 agundiS‚
1902 2019 1997 2064 290

371 2110 433 2154 Et
459 2105 637 2152 devicta
661 2104 801 2168 quasi,
840 2117 1026 2167 cogatur
1051 2101 1176 2157 ferre,
1216 2098 1428 2164 patique3

373 2201 427 2248 Id
454 2199 561 2247 facit
586 2198 802 2264 exiguum
828 2196 1051 2243 clinamen
1076 2193 1417 2260 principiorum,

370 2297 474 2340 Nec
500 2292 681 2356 regione
706 2290 794 2337 loci
820 2291 952 2346 certa,
992 2306 1074 2335 nec
1099 2301 1302 2351 tempore
1328 2299 1463 2331 certo.

440 2390 545 2434 Nec
570 2386 729 2451 stipata
753 2384 894 2449 magis
920 2383 1006 2430 fuit
1030 2399 1250 2445 umquam
1276 2377 1477 2426 materiai

373 2480 534 2545 Copia,
574 2499 657 2527 nec
682 2497 814 2545 porro
840 2477 1081 2542 majoribus
1106 2473 1375 2521 intervallis:
1898 2484 1990 2529 295

370 2577 496 2621 Nam
521 2592 667 2639 neque
693 2572 948 2637 adaugescit
972 2570 1237 2636 quidquam,
1277 2584 1423 2631 neque
1449 2563 1621 2632 deperit
1646 2562 1766 2610 inde.
