2139 2906
780 212 879 264 DE'
899 221 1124 263 RERUM
1157 220 1425 262 NATURA.

334 353 446 401 Inde
471 350 706 409 enascitur,
745 363 879 415 atque
905 367 1000 396 oras
1025 348 1072 396 in
1097 348 1280 395 luminis
1305 348 1410 406 exit,

334 445 544 493 Materies
569 445 648 492 ubi
674 444 787 491 inest
812 443 1080 508 quoiusque,
1119 456 1164 489 et
1189 460 1376 507 corpora
1401 441 1574 506 prima:

332 543 490 604 Atque
516 539 599 586 hac
625 557 669 586 re
695 551 928 603 nequeunt
953 555 1007 584 ex
1033 534 1244 583 omnibus
1269 533 1423 581 omnia
1446 532 1588 599 gigni,

334 634 471 688 Quod
498 632 625 680 certis
652 632 698 679 in
723 632 853 678 rebus
880 630 992 678 inest
1018 642 1184 677 secreta
1208 628 1408 675 facultas.

403 920 631 974 Praeterea,
669 934 786 981 quur
812 933 916 962 vere
942 933 1101 972 rosam,
1141 914 1368 961 frumenta
1391 911 1550 969 calore,

333 1012 477 1059 Viteis
502 1026 749 1059 auctumno
775 1009 906 1057 fundi
931 1009 1145 1056 suadente
1170 1006 1409 1062 videmus;

333 1108 376 1154 Si
402 1126 508 1165 non,
548 1120 667 1154 certa
691 1124 772 1152 suo
797 1104 903 1171 quia
926 1118 1131 1170 tempore
1157 1101 1327 1149 semina
1350 1119 1499 1148 rerum

332 1205 489 1257 Quom
514 1201 845 1257 confluxerunt,
885 1198 1044 1264 patefit
1069 1197 1395 1262 quodcumque
1420 1207 1606 1252 creatur,

331 1299 461 1344 Dum
486 1308 771 1362 tempestates
798 1293 974 1351 adsunt,
1014 1306 1058 1339 et
1083 1291 1239 1338 vivida
1264 1289 1397 1337 tellus

327 1394 457 1439 Tuto
481 1409 547 1438 res
573 1404 743 1437 teneras
768 1388 907 1435 ecfert
932 1386 978 1434 in
1003 1385 1186 1433 luminis
1208 1403 1303 1432 oras
1326 1385 1342 1430 ἓ

331 1486 486 1543 Quod,
526 1484 560 1531 si
586 1484 642 1530 de
667 1482 809 1530 nihilo
835 1482 1009 1538 fierent,
1049 1479 1198 1526 subito
1223 1491 1508 1525 exorerentur

332 1583 512 1627 Incerto
538 1578 697 1644 spatio,
737 1590 871 1641 atque
897 1573 1050 1621 alienis
1076 1573 1274 1639 partibus
1300 1571 1433 1619 anni:

332 1674 518 1740 Quippe
542 1673 621 1720 ubi
647 1672 772 1720 nulla
796 1671 943 1718 forent
968 1668 1226 1735 primordia,
1265 1687 1365 1733 quae
1390 1667 1573 1732 genitali

332 1767 544 1816 Concilio
569 1779 750 1831 possent
775 1763 910 1811 arceri
936 1777 1140 1828 tempore
1166 1761 1336 1826 iniquo.

402 1959 507 2003 Nec
532 1973 665 2021 porro
690 1953 906 2018 augendis
928 1953 1061 2000 rebus
1087 1951 1230 2017 spatio
1256 1951 1371 1998 foret
1394 1970 1499 1997 usus

333 2050 521 2097 Seminis
547 2050 603 2095 ad
628 2049 815 2105 coitum,
853 2066 879 2094 e
905 2046 1046 2093 nihilo
1071 2046 1105 2092 si
1131 2063 1324 2092 crescere
1347 2058 1543 2110 possent„

333 2147 461 2192 Nam
486 2144 644 2190 fierent
663 2143 856 2207 juvenes
882 2140 1030 2187 subito
1055 2158 1109 2186 ex
1135 2138 1378 2185 infantibus
1404 2138 1566 2204 parvis,

335 2242 374 2285 E
400 2238 619 2302 terraque,
659 2248 811 2282 exorta
835 2246 1033 2299 repente,
1072 2233 1248 2279 arbusta
1272 2232 1478 2279 salirent:

336 2335 548 2386 Quorum
572 2329 684 2376 nihil
711 2327 806 2375 fieri
831 2326 1123 2374 manifestum
1148 2340 1227 2383 est,
1267 2325 1419 2372 omnia
1443 2326 1624 2390 quando

335 2425 575 2473 Paullatim
601 2436 819 2480 crescunt,
859 2435 910 2469 ut
935 2440 1013 2487 par
1037 2434 1116 2478 est,
1156 2419 1325 2466 semine
1350 2432 1471 2466 certo
1493 2440 1503 2475 ;

337 2521 686 2582 Crescentesque
711 2535 854 2582 genus
879 2528 1055 2563 servant
1076 2534 1087 2561 :
1125 2528 1176 2560 ut
1202 2531 1383 2560 noscere
1408 2513 1546 2578 possis

339 2611 555 2676 Quidque
580 2612 659 2659 sua
684 2612 739 2659 de
766 2610 950 2659 materia
972 2608 1276 2674 grandescere,
1313 2607 1475 2672 alique.

1805 221 1911 263 Lm.
1933 220 1969 263 I.

1871 930 1963 976 ¹75

1869 1387 1966 1432 180

1870 1955 1962 2012 185

1867 2438 1962 2484 190
