2139 2906
305 203 388 244 416
808 200 895 243 DE
926 199 1149 243 RERUM
1182 200 1447 243 NATURA.
1787 201 1998 248 L1e.111.

382 330 577 386 Omnia3
614 329 853 396 postremis
878 330 1008 376 datur
1031 329 1215 386 ossibuS‚
1254 341 1389 394 atque
1414 328 1637 385 medullis,

382 423 485 471 Sive
509 423 717 488 voluptas
742 434 822 479 est,
860 422 954 470 sive
978 434 1045 470 est
1068 421 1311 470 contrarius
1337 422 1476 469 ardor.

381 519 486 564 Nec
511 530 677 565 temere
702 516 792 564 huc
817 514 944 562 dolor
968 532 1112 579 usque
1137 527 1284 580 potest
1309 527 1553 580 penetrare,
1593 531 1739 579 neque
1764 531 1862 562 acre

381 614 643 682 Permanare
668 610 855 665 malum,
893 608 1005 674 quin
1029 607 1182 656 omnia
1206 608 1548 674 perturbentur;

380 708 536 771 thue
561 706 672 753 adeo
697 704 801 751 vitae
825 702 938 750 desit
962 702 1102 759 locus,
1140 715 1275 767 atque
1299 700 1467 748 anima'i'
1903 717 1996 765 255

381 799 637 865 Diffugiant
662 812 806 864 partes
834 815 913 864 per
937 796 1084 843 caulas
1109 795 1306 861 corporis
1329 794 1517 842 omneis.

379 893 465 940 Sed
491 892 757 958 plerumque
783 891 850 948 fit,
889 890 935 938 in
960 907 1140 937 summo
1163 889 1291 954 quasi
1316 906 1516 954 corpore,
1551 887 1651 935 finis

382 986 610 1034 Motibus:
649 985 764 1033 hanc
790 985 848 1032 ob
875 1003 969 1032 rem
994 984 1135 1031 vitam
1168 983 1353 1031 retinere
1380 982 1595 1031 valemus,

447 1167 606 1222 Nunc,
645 1182 696 1212 ea
721 1181 813 1229 quo
838 1176 971 1229 pacto
997 1162 1110 1209 inter
1134 1179 1227 1208 sese
1253 1160 1405 1217 mixta,
1444 1160 1697 1226 quibusque

336 1284 342 1287 ·
381 1264 583 1325 Compta
607 1257 767 1315 modis,
805 1256 1017 1322 vigeant3
1054 1254 1272 1302 rationem
1297 1253 1479 1301 reddere
1512 1267 1722 1301 aventem
1903 1256 1999 1301 260

378 1353 611 1402 Abstrahit
637 1352 832 1400 invitum
858 1350 987 1417 patrii
1012 1348 1226 1397 sermonis
1251 1360 1420 1413 egestas
1443 1367 1453 1395 ε

380 1450 466 1497 Sed
492 1463 657 1505 tamen,
696 1461 746 1494 ut
773 1459 929 1512 potero
954 1442 1216 1492 summatim
1241 1441 1485 1507 adtingere,
1524 1455 1719 1506 tangam.

452 1639 572 1683 Inter
597 1633 718 1682 enim
745 1646 921 1680 cursant
946 1630 1202 1697 primordia,
1228 1629 1553 1696 principiorum

380 1729 583 1777 Motibus
610 1727 722 1774 inter
747 1744 806 1783 se,
845 1724 956 1773 nihil
982 1737 1032 1771 ut
1057 1722 1271 1771 secernier
1300 1739 1446 1769 unum

380 1822 536 1880 Possit,
575 1839 657 1869 nec
683 1819 826 1886 spatio
851 1818 946 1866 fieri
971 1817 1112 1865 divisa
1149 1829 1343 1883 potestas
1364 1835 1375 1871 ;
1902 1816 1998 1875 '265

383 1917 470 1965 Sed
495 1915 620 1981 quasi
646 1913 801 1962 multae
826 1912 893 1959 vis
917 1911 1050 1959 unius
1075 1909 1270 1975 corporis
1295 1921 1479 1956 exstant.

384 2011 525 2066 Quod
549 2027 706 2075 geum,
745 2007 791 2055 in
816 2025 908 2072 quo
932 2005 999 2053 vis
1024 2004 1306 2052 animantum
1331 2001 1470 2048 visere
1495 2000 1649 2065 volgo,

385 2108 465 2152 Est
489 2104 614 2161 odor,
652 2115 697 2149 et
721 2101 907 2166 quidam
931 2099 1064 2156 calor,
1103 2111 1147 2145 et
1173 2114 1328 2162 sapor;
1366 2107 1410 2142 et
1436 2108 1588 2141 tamen
1613 2111 1667 2139 ex
1691 2092 1774 2139 hiis

384 2198 612 2247 Omnibus
637 2210 702 2244 est
727 2214 873 2244 unum
897 2193 1150 2260 perfectum
1175 2189 1370 2256 corporis
1396 2206 1606 2253 augmen.

387 2294 457 2341 Sic
483 2292 602 2341 calor
626 2305 759 2356 atque
785 2293 856 2336 ae'r
881 2302 926 2337 et
951 2287 1076 2336 venti
1100 2304 1217 2334 caeca
1241 2298 1434 2351 potestas
1909 2297 2006 2342 270

319 2495 438 2534 residing
459 2495 486 2523 in
509 2495 557 2524 the
580 2494 670 2528 head;
695 2503 720 2522 z.
743 2492 854 2531 Anger,
875 2491 902 2519 in
924 2488 972 2517 the
995 2489 1073 2516 heart
1091 2499 1099 2522 3
1122 2497 1149 2525 3.
1188 2497 1222 2515 an
1242 2494 1375 2522 εντελεχια,
1396 2494 1412 2512 a
1430 2480 1573 2521 perpetual
1595 2480 1710 2509 motion.
1750 2478 1843 2508 XIII.
1866 2478 2011 2508 Democri-

321 2544 457 2581 Cupidity
471 2544 498 2571 in
518 2544 565 2572 the
586 2543 670 2572 lower
691 2549 751 2581 part
766 2541 798 2570 of
812 2540 860 2569 the
877 2538 1049 2576 diaphragm.
1090 2536 1148 2565 XI.
1189 2542 1234 2564 tus
1254 2535 1308 2564 and
1324 2531 1473 2571 Epicurus,
1493 2539 1509 2557 a
1525 2527 1712 2557 combination
1735 2526 1769 2555 of
1779 2533 1852 2555 most
1871 2531 2011 2554 attenuate

320 2592 581 2626 Dicaearchu32that
589 2592 611 2621 it
617 2602 671 2620 was
684 2591 799 2629 nothing
809 2599 883 2618 more
894 2588 960 2617 than
967 2597 982 2615 a
991 2596 1063 2615 mere
1072 2595 1150 2613 name
1189 2591 1287 2612 atoms.

321 2652 375 2671 —a
385 2641 491 2681 perfect
506 2642 672 2679 non-entity.
715 2641 789 2672 XII.
813 2637 962 2672 Aristode,
979 2636 1044 2666 that
1057 2636 1080 2665 it
1095 2644 1150 2663 was
