2139 2906
816 207 904 249 DE
935 206 1162 250 RERUM
1192 207 1462 251 NATURA.

342 334 402 385 ,Si
427 352 535 394 non,
574 334 698 402 quod
723 334 920 395 cohibet,
958 336 1156 385 solidum
1180 350 1381 386 constare
1405 336 1643 405 relinquas.

351 431 409 480 Id
432 449 567 498 porro
592 431 705 479 nihil
729 450 822 480 esse
845 446 1010 499 potest,
1047 432 1132 480 nisi
1156 433 1362 481 materiai’

351 526 629 586 Concilium,
669 527 795 594 quod
818 526 950 575 inane
974 541 1111 593 queat
1134 541 1311 576 tectum
1337 527 1566 576 cohibere.

349 622 563 670 Materies
588 622 739 688 igitur,
778 621 922 669 solido
947 640 1048 689 quae
1072 640 1259 688 corpore
1282 634 1472 682 constat,

348 716 459 764 Esse
484 730 647 764 aeterna
670 729 834 783 potest,
874 734 1017 782 quom
1041 729 1200 763 caetera
1223 715 1539 765 dissoluantur.

417 813 546 859 Tum
571 828 720 877 porro,
759 810 793 857 si
819 809 931 858 nihil
956 823 1085 868 esset,
1125 809 1251 875 quod
1275 809 1408 858 inane
1433 823 1626 869 vacaret,

348 908 502 953 Omne
527 905 642 954 foret
667 905 892 952 solidum:
931 904 1030 967 nisi,
1055 917 1237 963 contra,
1265 922 1453 971 corpora
1477 917 1597 952 certa

346 1001 521 1057 Essent,
560 1018 661 1066 quae
685 999 785 1046 loca
808 999 1087 1065 conplerent,
1125 1017 1460 1066 quaequomque
1485 1011 1717 1056 tenerent;

345 1097 515 1153 Omne,
555 1094 680 1161 quod
704 1107 784 1153 est,
823 1094 1036 1160 spatium,
1074 1112 1276 1142 vacuum
1300 1107 1522 1143 constaret
1547 1094 1693 1142 inane.

346 1189 547 1237 Alternis
573 1188 710 1254 igitur
734 1188 952 1237 nimirum
977 1206 1141 1256 corpus
1166 1189 1288 1238 inani

345 1283 657 1341 Distinctum;
695 1283 914 1350 quoniam
939 1302 1024 1332 nec
1050 1284 1245 1352 plenum
1268 1283 1477 1349 gnaviter
1500 1297 1657 1343 exstat,

345 1380 451 1426 Nec
476 1397 610 1445 porro
635 1397 836 1426 vacuum
860 1398 871 1426 z
911 1391 1015 1426 sunt
1040 1396 1148 1444 ergo
1173 1397 1362 1444 corpora
1386 1359 1519 1437 certa,

345 1475 462 1527 Quae
488 1474 683 1538 spatium
709 1473 846 1538 pleno
872 1471 1043 1538 possint
1067 1471 1341 1537 distinguere
1379 1471 1525 1520 inane.

345 1567 463 1612 Haec
489 1583 637 1630 neque
663 1564 846 1612 dissolvi
872 1565 1033 1631 plagis,
1073 1565 1343 1614 extrinsecus
1374 1566 1475 1625 icta,

345 1662 565 1707 Possunt:
604 1677 688 1708 nec
713 1678 861 1726 porro,
900 1660 1080 1726 penitus
1105 1674 1350 1726 penetrata,
1390 1661 1557 1717 retexi;

344 1759 449 1804 Nec
475 1756 644 1818 ratione
669 1770 844 1822 queunt
869 1755 956 1803 alia
980 1769 1150 1803 tentata
1174 1756 1349 1803 labare:

346 1854 415 1911 Id,
455 1852 579 1918 quod
596 1852 694 1917 jam
720 1869 853 1917 supra
877 1851 958 1898 tibi
984 1851 1139 1917 paullo
1165 1851 1454 1900 obtendimus
1480 1866 1597 1900 ante.

341 1950 470 1995 Nam
495 1965 643 2012 neque
669 1946 859 1994 conlaedi
885 1946 978 1994 sine
1004 1945 1123 1994 inani
1156 1965 1286 2012 posse
1311 1947 1491 1994 videtur

342 2041 624 2107 Quidquam,
664 2060 747 2088 nec
773 2040 932 2105 frangi,
973 2059 1056 2088 nec
1082 2040 1213 2088 fundi
1239 2040 1285 2087 in
1309 2039 1414 2087 bina
1439 2041 1659 2088 secando:

340 2139 446 2184 Nec
472 2155 630 2202 capere
655 2136 910 2194 humorem,
950 2153 1099 2201 neque
1124 2135 1234 2183 item
1259 2135 1482 2183 manabile
1505 2136 1662 2202 frigus,

341 2232 446 2278 Nec
471 2230 746 2296 penetralem
774 2230 957 2295 ignem3
996 2229 1159 2295 quibus
1186 2231 1339 2277 omnia
1363 2231 1693 2278 confaciuntur.

339 2329 412 2384 Et,
452 2344 544 2391 quo
571 2343 762 2391 quaeque
787 2324 928 2390 magis
955 2324 1137 2372 cohibet
1162 2343 1227 2371 res
1254 2324 1372 2372 intus
1398 2324 1543 2382 inane,

339 2422 458 2467 Tam
483 2420 624 2485 magis
649 2419 733 2467 hiis
758 2420 888 2467 rebus
914 2419 1092 2485 penitus
1127 2433 1295 2467 tentata
1320 2421 1516 2468 labascit.

340 2515 475 2577 Ergo,
513 2514 548 2560 si
573 2514 727 2572 solida,
766 2532 816 2560 ac
842 2513 936 2561 sine
962 2513 1097 2570 inani,
1136 2531 1323 2579 corpora
1350 2513 1496 2581 prima

335 2611 465 2664 Sunt,
505 2606 564 2653 ita
588 2608 681 2654 utei
707 2608 857 2663 docui,
897 2607 982 2655 sint
1007 2607 1103 2654 haec
1128 2619 1290 2654 aeterna
1316 2624 1492 2653 necesse
1517 2617 1596 2651 est.

1755 232 1756 239 1
1823 211 1930 256 Lm.
1951 213 1989 256 Ι.

1886 730 1987 779 520

1885 1205 1981 1251 525

1882 1677 1982 1723 530

1875 2152 1971 2198 535

1874 2620 1971 2666 540
