2139 2906
284 221 339 266 76

807 221 893 263 DE
924 221 1149 263 RERUM
1181 221 1449 265 NATURA.

359 348 534 396 Cedere
559 348 848 414 squamigeris
873 349 1024 397 latices
1049 349 1292 398 nitentibus
1317 349 1457 408 aiunt,

357 443 419 489 Et
443 441 633 508 liquidas
658 442 826 508 aperire
850 442 959 502 vias,
985 443 1091 509 quia
1115 456 1217 508 post
1240 442 1340 489 loca
1363 442 1504 509 pisces

355 536 602 602 Linquant‚
628 555 721 602 quo
746 536 916 602 possint
940 538 1148 585 cedentes
1173 536 1402 584 confluere
1427 536 1591 585 undae:

355 630 427 677 Sic
451 629 555 677 alias
580 648 764 696 quoque
789 649 855 678 res
880 630 995 679 inter
1020 649 1065 678 se
1089 649 1219 697 posse
1244 631 1434 690 moveri,

355 727 416 772 Et
439 739 613 773 mutare
637 726 806 785 locum,
833 726 1041 791 quamvis
1066 726 1153 773 sint
1178 726 1329 775 omnia
1354 726 1502 792 plena.

355 818 532 866 Scilicet
557 819 603 866 id
629 818 738 867 falsa
759 833 909 868 totum
934 820 1104 868 ratione
1129 833 1363 886 receptum
1387 833 1468 868 est.

355 912 498 970 Nam,
525 930 617 976 quo
642 913 912 978 squamigeri
939 926 1153 980 poterunt
1177 914 1420 979 procedere
1445 913 1646 973 tandem,

355 1004 422 1052 Ni
448 1006 642 1071 spatium
668 1006 872 1054 dederint
897 1006 1082 1054 latices?
1122 1008 1383 1055 Concedere
1408 1026 1542 1073 porro

357 1101 465 1153 Quo
489 1113 705 1165 poterunt
729 1101 877 1158 undae,
904 1119 1047 1166 quom
1072 1100 1214 1166 pisces
1240 1100 1301 1148 ire
1326 1101 1619 1166 nequibunt?

356 1197 454 1241 Aut
479 1193 615 1259 igitur
638 1208 768 1242 motu
793 1195 1068 1261 privandum
1093 1208 1158 1242 est
1183 1213 1371 1261 corpora
1394 1213 1603 1261 quaeque,

353 1290 453 1334 Aut
477 1306 570 1334 esse
595 1287 849 1336 admixtum
874 1288 1127 1337 dicundum
1152 1302 1217 1337 est
1241 1290 1372 1337 rebus
1397 1289 1558 1346 inane3

355 1381 491 1429 Unde
517 1381 682 1429 initum
706 1381 909 1447 primum
932 1382 1079 1449 capiat
1103 1401 1169 1431 res
1194 1402 1387 1451 quaeque
1413 1383 1646 1432 movendi.

422 1574 670 1629 Postremo,
696 1571 789 1618 duo
814 1571 870 1618 de
895 1590 1114 1620 concurso
1138 1590 1325 1638 corpora
1349 1572 1437 1618 lata

355 1665 398 1713 Si
423 1665 511 1713 cita
533 1664 762 1724 dissiliant,
788 1684 955 1732 nempe
980 1669 1053 1714 ae'r
1077 1685 1213 1715 omne
1238 1684 1417 1714 necesse
1441 1678 1522 1723 est,

354 1760 475 1805 Inter
501 1776 687 1823 corpora
709 1758 835 1823 quod
860 1758 953 1817 fiat,
981 1758 1176 1825 possidat
1202 1759 1347 1806 inane.

352 1854 394 1898 Is
419 1869 553 1916 porro
577 1850 800 1916 quamvis,
827 1852 999 1900 circum
1024 1852 1319 1901 celerantibus
1345 1851 1474 1910 auris,

351 1945 581 2003 Confluat,
608 1945 730 1992 haud
754 1947 919 2012 poterit
943 1961 1096 1996 tamen
1119 1966 1213 1994 uno
1238 1960 1444 2013 tempore
1469 1958 1619 1993 totum

350 2038 566 2104 Conpleri
592 2039 816 2104 spatium:
855 2059 960 2087 nam
985 2040 1186 2106 primum
1211 2057 1441 2105 quemque
1467 2056 1644 2086 necesse
1669 2052 1735 2086 est

295 2157 298 2159 -
350 2132 568 2198 Obcupet
592 2130 666 2178 ille
692 2131 860 2190 locum,
888 2132 1051 2179 deinde
1076 2130 1229 2179 omnia
1253 2130 1576 2196 possideantur.

350 2224 504 2283 Quod,
532 2224 566 2271 si
592 2224 705 2272 forte
731 2224 904 2290 aliquis,
930 2244 1073 2291 quom
1099 2242 1285 2291 corpora
1309 2224 1550 2282 dissiluere,

348 2322 476 2366 Tum
501 2332 631 2384 putat
655 2318 703 2365 id
727 2318 839 2378 fieri,
867 2319 974 2384 quia
999 2337 1044 2366 se
1068 2318 1338 2366 condenseat
1362 2321 1448 2376 a'e'r,

1817 222 1923 265 Lm.
1947 223 1983 265 Ι.

1885 552 1979 600 375

1886 1009 1985 1071 380

1885 1573 1980 1633 385

1883 2058 1981 2103 390

319 2550 385 2577 Ver.
402 2557 468 2586 433.
495 2549 574 2577 When
586 2551 664 2588 fhrce
683 2550 807 2579 mechanic
819 2562 917 2585 severs,
933 2550 1046 2588 &c.-]
1090 2551 1106 2579 1
1148 2551 1163 2578 I
1177 2561 1221 2579 am
1245 2560 1306 2578 sure
1330 2550 1407 2579 there
1434 2550 1456 2579 is
1484 2558 1534 2580 not
1548 2550 1575 2580 in
1590 2551 1638 2580 the
1652 2551 1789 2591 original;
1810 2553 1864 2582 and
1881 2553 1895 2581 1
1910 2553 1978 2583 have

279 2607 322 2625 am
344 2607 408 2633 very
429 2594 511 2623 much
534 2595 669 2625 mistaken
688 2598 712 2625 if
727 2599 804 2627 there
823 2599 857 2627 be
876 2609 930 2636 any
946 2598 1027 2637 thing
1041 2608 1107 2626 con·
1147 2599 1337 2628 endeavoured
1352 2599 1427 2628 there
1443 2600 1542 2628 should
1554 2607 1601 2629 not
1617 2602 1651 2629 be
1666 2602 1692 2629 in
1707 2602 1754 2630 the
1766 2602 1978 2630 translation.—

279 2645 356 2674 fused
377 2656 408 2674 or
428 2645 543 2674 obscure
563 2645 590 2673 in
605 2645 653 2675 the
667 2647 794 2686 verbiage
808 2647 841 2677 of
852 2648 908 2677 this
922 2647 1105 2687 proposition.
1149 2647 1179 2677 It
1198 2648 1221 2677 is
1241 2647 1367 2684 obvious,
1388 2647 1525 2685 however,
1547 2648 1610 2679 that
1632 2649 1740 2679 Creech
1760 2650 1809 2679 did
1829 2657 1879 2679 not
1900 2656 1976 2678 enter
