2139 2906
241 236 319 274 240
774 233 859 274 DE
891 232 1118 276 RERUM
1150 233 1420 277 NATURA.

379 361 532 418 Adde,
570 360 696 426 quod
721 359 930 407 inbecilla
955 359 1088 408 nimis
1114 359 1357 426 primordia
1382 360 1542 426 fingit3

309 459 354 507 Si
378 456 623 525 primordia
647 470 766 514 sunt,
805 455 938 503 simili
965 475 1067 521 quae
1092 455 1278 522 praedita
1302 469 1508 504 constant

309 553 489 602 Natura
513 566 647 617 atque
674 551 779 617 ipsae
805 569 872 598 res
897 563 1030 606 sunt3
1068 569 1287 616 aequeque
1313 550 1529 609 laborant,

310 665 370 710 Et
395 674 587 728 pereunt
602 681 615 726 3
654 677 802 725 neque
828 658 883 705 ab
908 657 1048 705 exitio
1075 675 1141 704 res
1166 656 1259 703 ulla
1284 656 1501 704 refraenat.

309 759 438 804 Nam
463 754 574 820 quid
600 753 646 801 in
668 753 886 818 obpressu
906 751 1059 799 valido
1085 751 1261 798 durabit
1286 769 1460 808 eorum,

311 855 378 899 Ut
403 862 598 898 mortem
622 846 835 912 ecfugiat,
872 845 951 893 leti
977 845 1058 893 sub
1085 845 1294 892 dentibus
1321 844 1424 911 ipsis
1446 846 1460 891 ?
1491 873 1492 876 =

1784 234 1889 278 Lrss.
1912 236 1947 278 L

1848 663 1950 721 850

311 945 434 1011 Ignis
455 947 468 993 ἓ
499 962 555 991 an
572 943 770 990 humor?
798 959 855 988 an
880 942 1018 987 aura?
1045 940 1157 1004 quid
1175 940 1375 987 horum?
1403 939 1581 1004 sanguis
1607 959 1662 988 an
1683 943 1698 988 ?
1725 959 1840 990 anne
1865 944 1949 990 os?

310 1040 459 1098 Nihil,
498 1050 550 1085 ut
575 1037 765 1103 opinor3
802 1035 883 1082 ubi
908 1053 962 1083 ex
987 1053 1119 1100 aequo
1144 1053 1210 1082 res
1236 1033 1439 1081 funditus
1465 1033 1611 1082 omnis

309 1138 432 1184 Tam
457 1131 654 1181 mortalis
679 1130 777 1188 erit,
815 1148 954 1195 quam
980 1148 1081 1194 quae
1106 1128 1343 1176 manifesta
1368 1126 1577 1176 videmus

311 1233 381 1277 Ex
407 1226 552 1275 oculis
571 1224 745 1282 nostris,
785 1222 938 1288 aliqu&
963 1221 1011 1269 vi
1037 1221 1208 1279 functa,
1247 1220 1405 1286 perire.

310 1329 378 1374 At
403 1341 551 1389 neque
576 1321 771 1369 recidere
797 1319 853 1366 ad
878 1315 1074 1366 nihilum
1100 1336 1165 1364 res
1190 1335 1335 1384 posse,
1374 1335 1522 1382 neque
1546 1329 1702 1366 autem

310 1424 521 1468 Crescere
547 1417 603 1463 de
629 1414 787 1472 nihilo,
826 1426 962 1461 testor
987 1430 1053 1459 res
1078 1426 1181 1459 ante
1207 1411 1427 1477 probatas.

380 1516 610 1569 Praeterea,
649 1507 867 1574 quoniam
892 1507 1018 1554 cibus
1043 1518 1178 1571 auget
1203 1523 1380 1570 corpus,
1419 1504 1587 1569 alitque
1609 1524 1620 1561 3

311 1608 430 1657 Scire
454 1606 575 1664 licet,
614 1603 743 1651 nobis
768 1620 919 1660 venas,
959 1615 1003 1648 et
1029 1618 1244 1665 sanguen,
1283 1612 1328 1646 et
1353 1617 1465 1657 ossa,

296 1710 373 1753 'Et
397 1719 574 1758 nervos,
614 1696 873 1762 alienigenis
899 1714 952 1742 ex
978 1694 1177 1760 partibus
1202 1711 1295 1740 esse
1317 1712 1328 1739 ε

312 1799 415 1846 Sive
440 1796 564 1844 cibos
591 1791 764 1841 omneis
789 1790 1021 1838 conmixto
1047 1806 1234 1854 corpore
1260 1786 1411 1834 dicent

314 1896 438 1951 Esse,
477 1904 523 1938 et
547 1890 712 1937 habere
739 1887 785 1935 in
811 1905 856 1933 se
882 1903 1126 1933 nervorum
1151 1901 1338 1949 corpora
1361 1900 1516 1948 parva„

254 2008 257 2011 ·
311 1993 529 2052 Ossaque,
569 1998 614 2031 et
639 1981 828 2030 omnino
853 1998 1005 2037 VenaS‚
1045 1977 1298 2045 parteisque
1323 1971 1519 2031 'cruori53

246 2477 292 2505 the
308 2475 480 2512 diaphonous
494 2474 649 2502 membrane
668 2471 700 2500 of
716 2470 763 2498 the
779 2468 908 2500 mother;
930 2467 983 2494 and
998 2465 1077 2492 when

246 2524 371 2556 wanted,
391 2523 424 2550 he
447 2522 494 2549 has
509 2521 631 2549 descried
646 2530 660 2547 a
675 2517 784 2557 regular
802 2515 882 2543 series
903 2522 933 2542 to
948 2514 995 2542 the
1011 2513 1078 2541 thir-

292 2574 341 2601 mh
357 2572 515 2611 generation
529 2583 535 2599 ε
559 2571 611 2599 and
626 2570 754 2608 perhaps,
769 2577 798 2594 as
811 2566 845 2594 he
859 2566 995 2597 observes,
1010 2572 1074 2591 even
1117 2559 1248 2599 terpillar.

1155 2610 1220 2639 The
1247 2610 1366 2638 theories
1398 2608 1521 2637 founded
1553 2617 1629 2645 upon
1661 2606 1738 2634 these
1768 2613 1949 2643 appearanees

246 2584 289 2604 tee

247 2625 311 2657 this,
327 2633 380 2651 was
392 2628 440 2649 not
452 2621 499 2648 the
513 2620 576 2656 last.
621 2620 654 2647 In
670 2629 751 2655 many
766 2617 847 2645 other
857 2615 1001 2646 instances,
1015 2623 1075 2651 says

248 2677 292 2707 hc,

314 2081 426 2140 Fiet,
464 2079 558 2127 utel
584 2078 710 2124 cibus
735 2075 882 2132 omnis
907 2088 952 2121 et
977 2072 1122 2119 aridus
1143 2085 1186 2118 et
1211 2071 1358 2135 liquor
1378 2068 1472 2134 ipse

313 2168 382 2225 Ex
407 2171 667 2237 alienigenis
692 2170 822 2216 rebus
848 2180 1049 2214 constare
1075 2178 1306 2232 putentur,

314 2270 515 2326 Ossibus,
554 2279 598 2314 et
625 2264 786 2322 nervis,
825 2263 1058 2328 venisque,
1098 2274 1143 2308 et
1168 2259 1398 2325 sanguine,
1437 2257 1595 2305 mixta

1851 1133 1946 1192 855

1849 1602 1963 1657 860·

1851 2071 1946 2129 865

1118 2463 1174 2493 like
1189 2475 1309 2497 manner,
1331 2463 1378 2492 the
1399 2461 1532 2498 butterfly
1547 2460 1569 2488 is
1590 2458 1719 2487 included
1733 2459 1759 2486 in
1774 2458 1822 2487 the
1837 2456 1904 2486 shell
1917 2456 1951 2485 of

1118 2513 1165 2541 the
1180 2512 1321 2550 chrysalis‚
1346 2512 1400 2540 and
1414 2512 1462 2539 the
1477 2508 1607 2547 chrysalis
1621 2508 1648 2536 in
1663 2508 1710 2536 the
1726 2507 1787 2535 skin
1801 2506 1835 2535 of
1845 2506 1893 2535 the
1904 2516 1950 2534 ca-

314 2684 354 2701 we
368 2673 436 2700 have
451 2670 538 2698 found
549 2680 600 2697 one
615 2680 670 2707 egg
680 2668 775 2696 within
789 2665 913 2697 another,
935 2664 988 2691 and
1001 2673 1074 2691 some
1115 2671 1159 2690 are
1186 2660 1221 2688 all
1249 2660 1281 2688 of
1302 2660 1378 2687 them
1406 2670 1435 2686 so
1460 2669 1540 2695 many
1565 2655 1800 2694 approximations
1828 2652 1948 2682 towards

248 2735 358 2756 osseous
380 2730 451 2762 part⁴
462 2722 495 2752 of
520 2732 535 2751 a
562 2720 636 2750 fetus
660 2719 756 2749 within
778 2717 894 2750 another
915 2715 998 2744 fetus.
1041 2714 1076 2742 In
1115 2710 1163 2739 the
1186 2708 1396 2738 Homoeomeria
1416 2706 1447 2736 of
1467 2706 1660 2744 Anaxagoras.
1704 2702 1769 2732 The
1793 2699 1949 2741 generative
