2139 2906
276 227 360 265 ,110
711 240 757 272 «ῃ
783 238 785 241 ·
812 220 899 264 DE
932 221 1158 266 RERUM
1190 221 1460 268 NATURA.
1820 229 1928 272 Lm.
1951 230 1989 275 I.

348 354 407 399 Et
432 351 628 418 fugitant
654 353 701 400 in
724 352 857 400 rebus
880 353 1014 402 inane
1037 353 1288 420 relinquere
1314 373 1512 420 purum;

346 448 506 496 Ardua
531 449 644 496 dum
671 462 897 508 metuunt,
935 449 1151 498 amittunt
1174 468 1294 508 vera,
1334 450 1430 497 via'i'
1450 470 1462 498 :
1890 452 1990 497 660

347 545 451 590 Nec
476 561 653 591 rursum
678 557 878 594 cernunt
893 557 1162 610 exemptum
1185 544 1317 592 rebus
1346 544 1494 603 inane,

347 639 518 686 Omnia
542 638 730 697 denseri,
770 639 958 704 fierique
984 658 1038 687 ex
1063 639 1275 687 omnibus
1300 658 1449 687 unum

350 737 546 800 Corpus,
587 733 698 781 nihil
724 734 778 780 ab
804 752 849 781 se
875 734 1000 799 quod
1025 735 1164 800 possit
1189 734 1367 782 mittere
1393 733 1574 800 raptim,

349 830 538 878 AEstifer
563 831 677 896 ignis
702 830 795 877 utei
821 830 977 877 lumen
995 829 1122 894 jacit,
1160 843 1297 896 atque
1322 847 1569 896 vaporem3

350 929 416 972 Ut
442 926 593 973 videas
619 944 711 973 non
737 944 761 972 e
785 924 954 991 stipatis
979 923 1178 991 partibus
1203 941 1311 971 esse.
1448 930 1456 933 ”
1893 926 1988 983 665

350 1019 505 1076 Quod,
545 1018 579 1066 si
605 1019 718 1067 forte
743 1019 840 1066 ulla
863 1018 1054 1066 credunt
1079 1017 1250 1066 ratione
1276 1031 1451 1084 potesse

350 1113 502 1180 Igneis
522 1112 568 1160 in
593 1127 738 1161 coetus
765 1112 949 1178 stingui,
988 1126 1255 1177 mutareque
1279 1130 1472 1178 corpus3

351 1209 530 1256 Scilicet
554 1226 609 1255 ex
635 1208 763 1256 nulla
784 1208 928 1255 facere
959 1207 1006 1255 id
1031 1207 1065 1254 si
1089 1221 1216 1273 parte
1241 1220 1489 1273 repat-cent,

350 1303 549 1351 Obcidet
574 1303 630 1349 ad
655 1302 854 1350 nihilum
877 1301 1097 1350 nimirum
1121 1301 1326 1350 funditus
1351 1301 1480 1349 ardor

351 1398 534 1457 Omnis,
561 1412 606 1445 et
630 1416 685 1445 ex
711 1397 853 1445 nihilo
879 1397 993 1444 fient
1016 1404 1356 1462 quaequomque
1383 1409 1603 1444 creantur.
1892 1397 1993 1455 670

350 1494 493 1549 Nam,
521 1492 883 1557 quodquomque
910 1490 998 1538 suis
1024 1504 1255 1538 mutatum
1280 1490 1446 1538 finibus
1471 1490 1577 1546 exit,

354 1585 592 1636 Continuo
617 1586 705 1632 hoc
731 1603 850 1632 mors
876 1598 941 1632 est
967 1584 1101 1642 illius,
1140 1584 1267 1649 quod
1291 1583 1378 1630 fuit
1403 1597 1536 1631 ante:

352 1680 545 1729 Proinde
571 1677 742 1743 aliquid
767 1695 974 1744 superare
999 1673 1178 1724 necesse
1204 1689 1269 1723 est
1293 1675 1521 1723 incolome
1546 1675 1661 1733 ollis,

350 1777 429 1823 Ne
455 1772 536 1821 tibi
562 1791 628 1820 res
652 1772 835 1820 redeant
860 1772 917 1818 ad
941 1770 1139 1818 nihilum
1164 1769 1368 1817 funditus
1395 1787 1567 1826 omnes,

351 1873 426 1919 De
452 1869 685 1933 nihiloque
711 1879 863 1914 renata
886 1866 1076 1913 virescat
1101 1864 1232 1931 copia
1256 1882 1420 1912 rerum.
1678 1914 1680 1916 ,
1891 1867 1987 1926 675

419 1967 563 2013 Nunc
583 1963 733 2029 igitur,
773 1960 991 2027 quoniam
1016 1958 1259 2008 certissima
1283 1974 1471 2022 corpora
1494 1956 1703 2021 quaedam

352 2064 480 2117 Sunt,
519 2077 621 2123 quae
646 2069 913 2105 conservant
937 2069 1145 2103 naturam
1171 2069 1347 2117 semper
1372 2050 1596 2109 eamdem,

351 2157 565 2209 Quorum
589 2152 727 2209 abitu,
767 2164 845 2198 aut
870 2150 1009 2207 aditu,
1049 2160 1317 2212 mutatoque
1343 2145 1515 2204 ordine,
1555 2157 1733 2192 mutant

350 2253 579 2298 Naturam
605 2265 685 2305 res,
725 2259 770 2294 et
795 2257 1074 2292 convortunt
1101 2259 1289 2308 corpora
1314 2258 1436 2297 sese3

352 2343 469 2390 Scire
494 2341 614 2400 licet,
652 2359 746 2389 non
772 2357 864 2387 esse
889 2338 986 2386 haec
1012 2337 1143 2403 ignea
1168 2354 1355 2402 corpora
1380 2353 1544 2383 rerum.
1891 2336 1991 2380 680

352 2437 485 2485 Nihil
511 2436 692 2484 referret
717 2434 855 2493 enim,
895 2433 1106 2500 quaedam
1130 2431 1362 2488 decedere,
1402 2429 1536 2487 abire,

352 2535 508 2596 Atque
534 2530 621 2577 alio
646 2527 854 2586 adtribui,
894 2525 1149 2591 mutarique
1175 2524 1345 2581 ordine,
1385 2522 1609 2589 quaedam,

352 2626 395 2673 Si
421 2639 574 2673 tamen
595 2624 763 2672 ardoris
790 2636 997 2672 naturam
1022 2633 1186 2669 cuncta
1211 2631 1415 2667 tenerent
1436 2636 1448 2664 z
