2139 2906
300 225 377 262 232
828 220 913 266 DE
944 224 1169 269 RERUM
1199 225 1466 273 NATURA.
1809 235 1916 280 Lm.
1939 238 1997 280 II.

368 350 495 405 Non,
534 366 627 413 quo
652 349 796 396 multa
819 369 980 416 parum
1005 353 1138 401 simili
1168 354 1257 402 sint
1281 357 1464 421 praedita
1489 357 1646 418 forma,

369 442 455 488 Sed
480 441 584 506 quia
608 462 700 491 non
726 445 865 510 volgo
890 446 1010 511 paria
1035 436 1245 495 omnibus
1269 451 1424 498 omnia
1447 466 1665 500 constant.

366 535 471 580 Nec
496 535 662 583 mirum
684 555 694 582 τ
734 555 854 595 narn,
892 557 1035 603 quom
1060 540 1114 587 sit
1138 559 1295 589 eorum
1321 545 1451 609 copia
1474 558 1610 604 tanta,

368 631 434 674 Ut
459 647 606 693 neque
632 631 748 688 finis,
786 632 879 678 utei
906 633 1055 691 docui,
1095 652 1242 698 neque
1267 654 1443 683 summa
1469 637 1524 684 sit
1546 638 1666 695 ulla3

367 722 551 769 Debent
577 723 790 770 nimirum
815 742 908 771 non
933 725 1143 772 omnibus
1168 728 1321 774 omnia
1349 747 1555 793 prorsum
1898 750 1993 793 340

367 819 473 863 Esse
498 817 591 881 pari
617 817 711 874 filo,
751 817 975 883 similique
1001 818 1174 865 adfecta
1207 820 1368 884 figurasti.

436 911 662 966 Praeterea,
700 927 842 974 genus
866 910 1136 967 humanum,
1176 924 1404 975 mutaeque
1430 925 1630 960 natantes

370 1001 715 1065 Squamigerfim
741 1001 950 1066 pecudes,
990 1014 1035 1048 et
1060 1002 1159 1048 laeta
1184 1015 1395 1059 armenta,
1434 1003 1642 1068 feraeque,

367 1096 425 1139 Et
451 1093 581 1140 variae
607 1094 826 1151 volucres,
865 1094 1057 1141 laetantia
1081 1113 1183 1158 quae
1208 1095 1307 1141 loca
1330 1113 1548 1159 aquarum

368 1188 713 1245 Concelebrant,
752 1187 923 1234 circum
948 1187 1066 1251 ripas
1094 1185 1338 1250 funtisque,
1377 1187 1618 1251 lacfisque3
1893 1208 1985 1252 345

407 1294 438 1337 t,
478 1300 578 1345 quae
615 1281 881 1345 pervolgant
906 1298 1088 1327 nemora
1109 1280 1208 1325 avia
1232 1280 1547 1345 pervolitantes
1574 1299 1585 1327 ε

367 1377 578 1428 Quorum
604 1393 749 1421 unum
775 1375 902 1438 quod
926 1373 992 1419 vis
1016 1373 1264 1437 generatim
1289 1392 1463 1420 sumere
1487 1391 1653 1439 perge3

367 1466 575 1513 Invenies
601 1466 891 1513 tameninter
915 1484 960 1513 se
984 1466 1161 1512 differre
1195 1467 1364 1531 figuris.

366 1562 470 1606 Nec
497 1559 665 1606 ratione
691 1560 774 1606 ali&
798 1559 944 1624 proles
969 1576 1238 1624 cognoscere
1263 1572 1466 1616 matrem,

368 1655 472 1700 Nec
498 1666 640 1701 mater
665 1668 819 1718 posset
845 1653 1019 1718 prolem
1040 1671 1051 1699 ε
1089 1653 1214 1716 quod
1250 1671 1377 1718 posse
1403 1652 1609 1699 videmus
1630 1674 1641 1709 ;
1893 1671 1989 1716 350

367 1747 471 1791 Nec
497 1744 659 1801 minus,
686 1758 820 1808 atque
842 1744 1061 1801 homines,
1101 1743 1214 1790 inter
1239 1762 1282 1790 se
1309 1756 1414 1790 nota
1443 1744 1604 1790 cluere.

368 1840 493 1886 Nam
519 1857 634 1904 saepe
659 1852 759 1885 ante
786 1838 923 1885 defin]
948 1838 1117 1884 vitulus
1143 1837 1327 1884 delubra
1359 1837 1517 1883 decora

363 1932 649 1979 Turicremas
674 1945 857 1996 propter
882 1943 1098 1977 mactatus
1125 1928 1322 1976 concidit
1346 1947 1451 1985 aras,

370 2025 603 2089 Sanguinis
629 2025 850 2090 exspirans
873 2023 1071 2070 calidum
1096 2023 1151 2069 de
1177 2035 1356 2087 pectore
1382 2022 1554 2068 flumen
1576 2039 1587 2067 :

373 2121 435 2163 At
461 2130 615 2173 mater,
655 2115 831 2162 virideis
857 2115 990 2161 saltus
1016 2114 1166 2160 orbata
1191 2129 1441 2177 peragrans,
1894 2130 1916 2173 3
1925 2129 1950 2172 5
1962 2129 1985 2173 5

340 2410 407 2437 Ver.
424 2418 494 2446 357.
520 2409 591 2438 Thus
604 2411 640 2447 ⁰fl
652 2409 734 2447 before
747 2408 787 2436 the
797 2408 889 2436 sacred
899 2405 1135 2445 shrine‚perfum’d
1230 2405 1294 2433 Non
1322 2414 1399 2431 secus
1425 2413 1467 2436 ac,
1500 2403 1589 2440 primo
1617 2401 1772 2430 fraudatum
1799 2401 1879 2436 lacte,
1898 2404 1993 2441 juven-

427 2459 461 2485 W
459 2457 495 2485 ish
506 2457 636 2494 breatht'ng
643 2457 833 2496 frankincense,
851 2457 888 2484 th’
900 2457 1040 2492 unweeting
1049 2455 1107 2492 culs
1113 2454 1126 2490 ]
1305 2463 1380 2485 cum,

304 2506 368 2533 The
387 2506 474 2533 whole
487 2506 520 2533 of
531 2507 585 2534 this
599 2506 766 2543 description
784 2506 806 2533 is
820 2505 972 2542 inimitably
987 2504 1130 2541 exquisite,
1230 2503 1284 2531 Cui
1298 2502 1410 2539 trepidae
1426 2501 1503 2533 vires,
1524 2507 1550 2527 et
1566 2500 1637 2527 solus
1649 2500 1682 2528 ab
1697 2501 1779 2528 ubere
1791 2500 1910 2536 sanguis,

303 2554 356 2581 and
371 2554 417 2580 the
431 2554 523 2581 reader
537 2555 655 2591 requires
668 2564 704 2581 no
719 2554 846 2582 criticism
861 2561 892 2581 to
907 2553 987 2581 make
1009 2552 1065 2580 him
1080 2551 1132 2578 feel
1232 2552 1286 2579 Seu
1300 2550 1366 2582 fera,
1388 2560 1434 2577 seu
1448 2549 1528 2576 duras
1542 2550 1631 2576 avexit
1645 2555 1739 2585 pastor
1752 2548 1786 2575 ad
1800 2557 1874 2575 aras:

303 2603 338 2629 its
354 2611 498 2629 numerous
511 2602 564 2629 and
578 2603 751 2640 appropriate
766 2603 896 2630 beauties,
946 2601 990 2629 Of
1001 2601 1055 2628 this
1071 2600 1133 2628 Sta·
1232 2600 1314 2628 Nunc
1329 2597 1423 2625 vallem
1438 2596 1552 2634 spoliata
1561 2606 1667 2634 parens,
1682 2606 1753 2623 nunc
1766 2594 1874 2622 flumina
1884 2599 1992 2630 questu,

302 2651 357 2678 tius
372 2660 426 2677 was
441 2649 507 2687 fully
525 2651 649 2684 semble,
669 2652 722 2679 and
737 2652 770 2679 he
785 2651 833 2679 has
847 2651 911 2679 thus
922 2650 1019 2687 copied
1034 2649 1055 2677 it
1069 2659 1075 2677 τ
1232 2648 1315 2676 Nunc
1325 2647 1434 2676 arbusta
1445 2652 1549 2678 movet;
1565 2655 1718 2682 vacuosque
1729 2644 1879 2680 interrogat
1893 2651 1991 2678 agr083
