2139 2906
246 177 329 216 454
776 173 861 215 DE
894 173 1120 216 RERUM
1153 174 1421 217 NATURA.
1715 139 1843 222 *an.
1867 182 1949 228 ΙΙΙ.

322 303 385 348 Et
409 300 531 366 prius
558 317 651 348 esse
677 300 759 348 sibi
784 301 1044 350 distractam
1069 320 1256 368 corpore
1281 301 1328 350 in
1347 302 1462 369 ipso,

285 455 288 458 ,
321 397 488 454 Quam,
527 395 732 461 prolabsa
755 396 884 455 foras,
923 409 1075 445 enaret
1100 396 1146 444 in
1171 397 1280 444 a'e'ris
1305 400 1463 444 auras?
1856 415 1955 464 590

391 584 517 638 Quin
543 584 693 641 etiam,
733 583 861 630 fineis
887 584 1001 630 dum
1026 583 1131 630 vitae
1156 583 1349 631 vortitur
1374 584 1502 642 intra,

321 682 447 744 Saepe
472 678 623 743 aliqua
647 691 799 723 tamen
823 694 848 722 e
873 677 1025 722 caussa
1048 675 1267 723 labefacta
1291 676 1470 724 videtur

321 777 391 821 Ire
415 773 579 831 anima,
618 791 668 819 ac
695 785 791 819 toto
817 770 1105 818 membratim
1131 789 1319 837 corpore
1345 771 1487 828 solvi3

321 873 379 917 Et
405 868 529 934 quasi
555 885 766 934 supremo
792 866 1078 931 languescere
1104 879 1309 931 ternpore
1336 865 1502 923 voltus,

319 963 571 1027 Molliaque
596 960 811 1026 exsangui
835 960 992 1007 cadere
1019 959 1172 1007 omnia
1196 978 1382 1025 corpore
1409 960 1625 1007 membra.
1855 978 1951 1025 595

319 1058 459 1112 Quod
484 1074 625 1122 genus
651 1070 730 1113 est,
769 1053 922 1101 animo
948 1053 1065 1100 male
1093 1053 1263 1100 factum
1288 1072 1431 1118 quom
1457 1053 1731 1119 perhibetur,

320 1156 419 1201 Aut
446 1150 644 1198 animam
669 1147 849 1214 liquisse
871 1168 882 1203 3
920 1147 999 1194 ubi
1024 1147 1123 1212 jam
1149 1147 1409 1214 trepidatur,
1448 1162 1493 1195 et
1518 1167 1676 1196 omnes

320 1249 589 1293 Extremum
614 1242 806 1308 cupiunt
831 1240 936 1288 vitae
962 1241 1285 1306 reprehendere
1310 1241 1533 1290 vinclum.

318 1348 652 1410 Conquassatur
676 1342 800 1389 enim
824 1356 924 1389 tum
949 1360 1091 1399 mens,
1129 1342 1381 1408 animaeque
1404 1356 1599 1409 potestas

320 1441 511 1497 Omnis3
550 1453 594 1486 et
620 1438 715 1486 haec
741 1437 838 1504 ipso
864 1456 971 1485 cum
996 1456 1183 1504 corpore
1209 1438 1519 1486 conlabefiunt
1541 1458 1551 1486 :
1855 1445 1955 1491 600

320 1539 387 1593 Ut
411 1533 588 1600 gravior
613 1533 768 1598 paullo
793 1532 932 1598 possit
961 1532 1202 1579 dissolvere
1227 1550 1392 1579 caussa.

391 1627 517 1682 Quid
543 1625 719 1673 dubitas
745 1625 943 1682 tandem,
983 1624 1108 1690 quin,
1148 1639 1270 1673 extra
1293 1625 1471 1691 prodita
1495 1644 1673 1693 corpuS,

324 1721 556 1777 Inbecilla,
596 1720 724 1777 foras,
764 1719 810 1766 in
836 1733 1005 1785 aperto,
1045 1719 1246 1784 tegmine
1271 1720 1475 1785 dempto,

321 1818 432 1863 Non
459 1813 597 1860 modo
623 1830 715 1859 non
740 1830 927 1858 omnem
952 1810 1091 1877 possit
1116 1811 1274 1859 durare
1298 1830 1379 1877 per
1403 1831 1567 1870 aevom,

322 1910 411 1957 Sed
438 1908 697 1956 minumum
723 1906 848 1970 quod
873 1906 940 1952 vis
966 1920 1161 1970 nequeat
1186 1907 1423 1954 consistere
1450 1909 1664 1973 tempus?
1853 1913 1916 1956 60
1921 1927 1948 1970 5

391 2101 494 2146 Nec
520 2097 602 2144 sibi
627 2097 748 2144 euim
773 2096 1013 2161 quisquam
1041 2096 1234 2143 moriens
1258 2096 1419 2144 sentire
1443 2096 1623 2143 videtur

323 2198 392 2241 Ire
419 2192 532 2239 foras
557 2191 755 2239 animam
782 2190 1057 2237 incolomem
1083 2189 1139 2236 de
1165 2207 1351 2254 corpore
1377 2204 1502 2245 toto;

322 2290 425 2334 Nec
453 2286 572 2352 prius
598 2286 652 2331 ad
672 2285 906 2350 jugulum,
945 2299 990 2331 et
1015 2301 1192 2350 superas
1218 2284 1460 2331 subcedere
1486 2282 1664 2337 fauces3

321 2382 498 2425 Verum
523 2377 714 2424 deficere
741 2375 786 2423 in
812 2376 929 2422 cert-si
955 2374 1136 2439 regione
1162 2372 1370 2430 locatam,

321 2476 387 2519 Ut
413 2489 563 2519 sensus
589 2471 696 2518 alios
722 2471 767 2517 in
794 2469 907 2536 parti
933 2486 1163 2534 quemque
1188 2469 1266 2514 sua
1298 2467 1379 2514 scit
1851 2474 1950 2518 610

321 2565 521 2615 Dissolvi
543 2586 553 2613 2
592 2568 731 2632 quod,
771 2566 806 2614 si
831 2565 1078 2613 inmortalis
1103 2578 1252 2612 nostra
1277 2565 1389 2612 foret
1416 2582 1556 2621 mens,
