2139 2906
259 203 310 242 72

748 174 1121 248 »ΒΕΈἘΒΗΜ
1153 206 1422 249 NATURA.

329 327 587 384 Omnibus:
625 329 749 378 haud
777 331 914 397 igitur
937 333 1191 399 quidquam
1215 333 1460 401 procedere
1485 343 1682 399 possent,

327 418 607 487 Principium
631 424 849 488 quoniam
874 427 1064 475 cedendi
1090 429 1215 476 nulla
1239 429 1363 476 daret
1387 446 1468 475 res.

325 515 392 560 At
417 533 539 563 nunc
563 536 644 582 per
668 520 819 577 maria,
846 539 898 567 ac
923 534 1070 579 terras,
1098 522 1382 587 sublimaque
1410 520 1532 579 coeli,

325 608 477 656 Multa
501 611 647 657 modis
672 613 826 660 multis
851 614 975 662 varia
998 615 1168 663 ratione
1194 615 1368 663 moveri

323 703 563 751 Cernimus
588 719 690 753 ante
715 707 900 755 oculos:
938 727 1054 774 quae,
1082 709 1116 756 si
1139 728 1232 756 non
1257 709 1370 756 esset
1395 709 1540 765 inane,

322 797 436 844 Non
461 811 554 845 tam
579 800 754 848 solicito
778 815 906 849 motu
934 802 1109 868 privata
1132 816 1347 860 carerent,

321 892 474 943 Quam
498 893 651 957 genita
675 895 864 943 omnino
889 896 1016 944 nulla
1039 880 1209 944 ratione
1234 896 1448 944 fuissent:

321 986 538 1051 Undique
564 989 768 1036 materies
793 991 1012 1055 quoniam
1037 991 1197 1056 stipata
1221 991 1430 1056 quiesset.

388 1081 616 1139 Praeterea,
643 1083 851 1147 quamvis
877 1084 1031 1131 solidae
1054 1103 1121 1132 res
1145 1103 1237 1132 esse
1263 1097 1495 1149 putentur,
1527 1112 1529 1114 -

317 1171 439 1220 Hinc
465 1187 618 1222 tamen
642 1194 735 1224 esse
760 1177 866 1225 lieet
889 1196 986 1225 raro
1012 1197 1120 1225 cum
1145 1196 1331 1243 corpore
1356 1194 1523 1224 cernas,

316 1269 372 1313 In
397 1268 522 1326 saxis,
549 1287 600 1316 ae
625 1271 864 1336 speluncis,
893 1285 1128 1339 permanat
1152 1290 1373 1337 aquarum

314 1360 536 1426 Liquidus
562 1363 741 1422 humor,
769 1379 814 1412 et
839 1365 1050 1412 uberibus
1076 1365 1188 1413 flent
1214 1365 1366 1413 omnia
1389 1363 1559 1429 guttis:

312 1455 529 1522 Dissupat
554 1457 600 1504 in
626 1477 790 1526 corpus
816 1478 907 1508 sese
932 1460 1058 1508 cibus
1083 1479 1221 1508 omne
1247 1460 1558 1508 animantum:

311 1554 532 1598 Crescunt
557 1552 747 1611 arbusta,
775 1568 820 1601 et
846 1554 964 1602 fetus
990 1554 1036 1601 in
1062 1567 1268 1619 tempore
1294 1553 1522 1600 fundunt:

310 1646 451 1699 Quod
475 1646 600 1693 cibus
626 1646 672 1694 in
697 1661 826 1706 totas,
853 1666 995 1714 usque
1020 1648 1075 1694 ab
1101 1647 1320 1695 radicibus
1346 1646 1462 1703 imis,

310 1742 393 1788 Per
417 1753 598 1787 truncos
623 1760 674 1788 ac
699 1759 779 1807 per
804 1760 948 1789 ramos
973 1741 1242 1788 diffunditur
1266 1739 1468 1788 omneis:

308 1834 431 1879 Inter
455 1847 590 1899 saepta
615 1847 767 1881 meant
792 1851 942 1892 voces,
969 1849 1014 1882 et
1038 1835 1161 1881 elusa
1185 1836 1428 1881 domorum

305 1927 674 1974 Transvolitant:
713 1928 910 1994 rigidum
935 1943 1168 1994 permanat
1193 1928 1332 1993 frigus
1357 1928 1413 1974 ad
1438 1944 1547 1974 ossa.

307 2020 461 2076 Quod,
490 2019 571 2067 nisi
597 2020 746 2068 inania
769 2021 871 2079 sint,
899 2022 991 2086 qua
1014 2034 1196 2087 possent
1220 2037 1407 2085 corpora
1431 2035 1622 2083 quaeque

304 2111 526 2170 Transire,
553 2112 675 2160 haud
699 2114 794 2161 ulla
819 2114 913 2162 fieri
940 2115 1109 2162 ratione
1134 2113 1322 2162 videres,

374 2299 602 2366 Denique,
629 2319 747 2367 quur
773 2301 876 2348 alias
902 2301 995 2348 aliis
1021 2316 1225 2368 praestare
1251 2301 1471 2349 videmus

304 2395 505 2441 Pondere
530 2413 596 2442 res
622 2396 767 2454 rebus,
795 2396 937 2443 nihilo
962 2396 1129 2461 majore
1155 2395 1336 2461 figura?

302 2487 442 2542 Nam,
470 2487 503 2533 si
529 2489 816 2536 tantumdem
841 2502 906 2536 est
931 2488 979 2535 in
1004 2488 1116 2536 lanae
1140 2489 1356 2554 glomere,
1383 2500 1607 2553 quantum

301 2578 511 2644 Corporis
538 2579 583 2627 in
607 2578 800 2646 plumbo
824 2594 905 2640 est,
933 2582 1220 2630 tantumdem
1245 2581 1441 2647 pendere
1466 2597 1545 2646 par
1569 2592 1663 2636 est3

1799 202 1906 244 Lm.
1928 202 1963 246 I.

1863 439 1960 484 340

1857 911 1949 956 345

1849 1366 1945 1424 350

1843 1849 1938 1896 355

1837 2399 1933 2456 360
