2139 2906
254 190 335 231 468
785 187 870 229 DE
901 188 1126 231 RERUM
1159 189 1425 232 NATURA.
1745 193 1850 234 Lus.
1873 194 1956 235 III.

398 319 628 372 Praeterea‚
669 315 717 372 si,
749 316 846 380 jam
874 316 1074 381 perfecto
1099 335 1298 381 corpore,
1339 317 1465 366 nobis

328 408 487 457 Inferri
513 408 641 456 solita
665 422 730 456 est
756 409 893 457 animi
919 410 1070 457 vivata
1095 425 1302 476 potestas,
1674 419 1676 421 ’
1863 417 1956 462 680

326 503 467 557 Tum,
507 518 649 565 quom
674 500 919 565 gignimur,
959 514 1004 547 et
1029 500 1133 548 vitae
1158 520 1301 565 quom
1325 501 1466 550 limen
1490 501 1655 551 inimus
1677 524 1688 560 ;

329 593 468 641 Haud
493 593 553 640 ita
578 593 891 650 conveniebat,
930 593 1023 640 urei
1050 611 1157 640 cum
1183 611 1385 660 corpore,
1425 607 1469 641 et
1494 596 1587 643 un&

327 691 449 735 Cum
475 687 702 745 membris,
742 688 947 734 videatur
971 686 1018 734 in
1043 687 1140 752 ipso
1166 688 1382 752 sanguine
1407 706 1575 736 cresse:

327 782 429 839 Sed,
468 781 595 829 velut
620 781 666 828 in
691 781 842 837 caveai,
883 798 964 846 per
987 798 1032 827 se
1057 780 1139 827 sibi
1165 780 1319 828 vivere
1342 781 1484 829 solam

327 876 571 933 Convenit,
610 889 661 922 ut
685 892 1004 940 sensus-corpus
1029 887 1181 922 tamen
1206 874 1375 923 adfiuat
1399 894 1550 925 omne.
1859 882 1954 940 685

327 971 432 1023 Qu&
456 987 516 1027 re,
555 968 692 1016 etiam
717 982 851 1034 atque
876 968 1013 1016 etiam
1038 987 1186 1033 neque
1208 969 1389 1034 originis
1414 988 1509 1018 esse
1531 971 1786 1036 putandum
1810 984 1875 1018 est

329 1063 564 1129 Experteis
591 1063 775 1120 animas,
814 1081 897 1110 nec
922 1062 999 1110 leti
1025 1063 1126 1128 lege
1151 1063 1344 1110 solutas:

328 1159 456 1205 Nam
480 1175 629 1222 neque
655 1169 780 1203 tanto
806 1174 941 1222 opere
966 1156 1143 1203 adnecti
1168 1156 1367 1222 potuisse
1391 1158 1648 1223 putandum
1672 1171 1737 1205 est

328 1250 604 1317 Corporibus
631 1250 804 1308 nostriS,
844 1250 1114 1297 extrinsecus
1140 1250 1410 1307 insinuatas3
1958 1319 1961 1320 ⁷

332 1345 491 1410 (Quod
516 1343 613 1392 fieri
638 1357 788 1391 totum
814 1356 968 1390 contra
993 1342 1228 1390 manifesta
1252 1343 1385 1390 docet
1409 1360 1504 1392 res:
1862 1349 1960 1410 690

330 1440 548 1503 Namque
574 1437 635 1483 ita
659 1454 861 1484 connexa
885 1449 950 1484 est
977 1454 1057 1502 per
1081 1454 1232 1493 venas,
1271 1435 1455 1493 viscera,
1493 1453 1668 1495 nervos,

331 1533 548 1594 Ossaque,
587 1529 681 1576 utei
706 1529 860 1576 dentes
884 1547 1068 1594 quoque
1094 1547 1222 1576 sensu
1248 1528 1598 1593 participentur3

332 1621 523 1668 Morbus
548 1634 599 1667 ut
625 1620 804 1677 indicat,
843 1634 888 1667 et
912 1620 1082 1685 gelidai·
1106 1619 1297 1685 stringor
1321 1623 1472 1686 aqua'i,

333 1717 393 1761 Et
418 1713 528 1779 lapis
554 1713 787 1779 obpressus
813 1711 967 1758 subitis
993 1731 1017 1759 e
1043 1712 1247 1777 frugibus
1272 1714 1415 1778 asper)

335 1809 453 1863 Nec,
492 1819 585 1852 tam
610 1819 829 1853 contextae
854 1824 997 1870 quom
1022 1805 1123 1863 sint,
1162 1805 1279 1852 exire
1304 1805 1515 1853 videntur
1864 1814 1958 1873 695

337 1899 591 1947 Incolomes
617 1917 762 1965 posse,
803 1913 847 1945 et
873 1898 1012 1945 salvas
1037 1898 1264 1946 exsolvere
1290 1916 1382 1945 sese

338 1993 562 2041 Omnibus
587 2011 612 2039 6
639 1992 800 2051 nerviS,
839 2006 974 2058 atque
1000 1993 1183 2050 ossibus,
1222 1991 1519 2056 articulisque.

410 2275 564 2332 Quod,
604 2274 637 2321 si
664 2276 777 2322 forte
802 2290 946 2341 putas,
985 2276 1254 2323 extrinsecus
1280 2276 1560 2332 insinuatam,

313 2474 379 2503 Ver.
395 2475 461 2512 692.
485 2477 570 2505 Grow
586 2474 653 2503 with
667 2475 726 2504 each
736 2476 861 2513 growing
871 2476 975 2503 member
987 2475 1095 2512 .·—-]
1177 2471 1250 2501 Cum
1264 2473 1401 2506 membris,
1422 2472 1546 2501 videatur
1559 2471 1586 2500 in
1600 2472 1660 2510 ipso
1679 2473 1810 2512 sanguine
1823 2483 1921 2514 cresse-

274 2523 338 2552 ‘she
353 2521 467 2559 original
482 2523 503 2550 is
516 2522 615 2560 highly
629 2521 742 2551 forcible
757 2522 811 2550 and
824 2522 995 2559 expressive:
1138 2530 1209 2559 And
1230 2530 1253 2558 it
1271 2531 1292 2559 j.
1315 2536 1365 2559 not
1384 2528 1563 2567 improbable,
1585 2529 1645 2559 that
1661 2530 1738 2569 pope
1754 2530 1839 2560 hence
1853 2530 1962 2560 derived

547 2579 604 2608 utei
622 2589 686 2608 cum
699 2590 825 2618 corpore,
846 2586 872 2608 et
888 2579 940 2609 una
1139 2579 1186 2609 the
1200 2578 1343 2617 following
1357 2588 1442 2608 verses
1456 2590 1462 2606 z
